[
  {
    "_id": {
      "$oid": "65ec108d9884656b92f55699"
    },
    "ppuQuantity": "50ML",
    "pricing": {
      "perUnit": "£100.00 per 100ML",
      "regular": {
        "value": 100,
        "currency": "GBP",
        "text": "£100.00"
      },
      "current": {
        "value": 50,
        "currency": "GBP",
        "text": "£50.00"
      },
      "saving": {
        "value": 50,
        "currency": "GBP",
        "text": "£50.00"
      }
    },
    "objectId": "2794160",
    "brand": "Lancome",
    "attributes": {
      "fragrance_scent": [
        "floral",
        "fruity"
      ],
      "gender": "womens",
      "size": "41-50",
      "StockOverrideMessage": "STOCK_COMING_SOON",
      "fragrance_type": "eau de parfum",
      "hasPriceAdvantageDeal": false,
      "ProductReviewFlag": "1"
    },
    "variants": {
      "colours": [],
      "hasColours": false,
      "hasSizes": false
    },
    "categories": [
      [
        {
          "name": "fragrance",
          "label": "fragrance"
        },
        {
          "name": "gift",
          "label": "gift"
        },
        {
          "name": "mother's day",
          "label": "mother's day"
        }
      ],
      [
        {
          "name": "perfume",
          "label": "fragrance > perfume"
        },
        {
          "name": "fragrance offers",
          "label": "fragrance > fragrance offers"
        },
        {
          "name": "gifts for her",
          "label": "gift > gifts for her"
        },
        {
          "name": "brands",
          "label": "fragrance > brands"
        },
        {
          "name": "5* rated perfumes & aftershaves",
          "label": "fragrance > 5* rated perfumes & aftershaves"
        },
        {
          "name": "shop all",
          "label": "mother's day > shop all"
        }
      ],
      [
        {
          "name": "all perfumes",
          "label": "fragrance > perfume > all perfumes"
        },
        {
          "name": "floral perfume",
          "label": "fragrance > perfume > floral perfume"
        },
        {
          "name": "save up to half price",
          "label": "fragrance > fragrance offers > save up to half price"
        },
        {
          "name": "all perfumes",
          "label": "gift > gifts for her > all perfumes"
        }
      ]
    ],
    "reviews": {
      "average": 4.66,
      "count": 3369,
      "rounded": 4
    },
    "parent": {
      "product": "2794159",
      "partNumber": "10324001.P",
      "model": "10324001",
      "manufacturerModel": "5291887"
    },
    "images": {
      "thumbnail": "https://boots.scene7.com/is/image/Boots/10324001?wid=45&hei=60&op_sharpen=1"
    },
    "offers": [
      {
        "text": "1/2 price - Save £50 on Lancome La Vie Est Belle Iris Absolu 50ml - online only"
      },
      {
        "text": "Free gift when you buy 3 selected Lancome Products, 1 to be Skincare - whilst stocks last"
      }
    ],
    "actions": {},
    "iconUri": "https://boots.scene7.com/is/image/Boots/10324001?op_sharpen=1",
    "title": "Lancôme La Vie Est Belle Iris Absolu Eau de Parfum 50ml",
    "referenceUri": "/lanc%C3%B4me-la-vie-est-belle-iris-absolu-eau-de-parfum-50ml-10324001",
    "canAddToBasket": "yes",
    "opticians": false,
    "inStock": true,
    "expressDelivery": false,
    "hasOtherPromotion": true,
    "channelPromotionalTextMap": {
      "-1": [
        "1/2 price - Save £50 on Lancome La Vie Est Belle Iris Absolu 50ml - online only",
        "Free gift when you buy 3 selected Lancome Products, 1 to be Skincare - whilst stocks last"
      ],
      "-6": [
        "1/2 price - Save £50 on Lancome La Vie Est Belle Iris Absolu 50ml - online only",
        "Free gift when you buy 3 selected Lancome Products, 1 to be Skincare - whilst stocks last"
      ]
    },
    "adCardPoints": 150
  },
  {
    "_id": {
      "$oid": "65ec108d9884656b92f5569a"
    },
    "ppuQuantity": "50ML",
    "pricing": {
      "perUnit": "£133.00 per 100ML",
      "regular": {
        "value": 95,
        "currency": "GBP",
        "text": "£95.00"
      },
      "current": {
        "value": 66.5,
        "currency": "GBP",
        "text": "£66.50"
      },
      "saving": {
        "value": 28.5,
        "currency": "GBP",
        "text": "£28.50"
      }
    },
    "objectId": "2714137",
    "brand": "Gucci",
    "attributes": {
      "fragrance_type": "eau de parfum",
      "hasPriceAdvantageDeal": false,
      "StockOverrideMessage": "STOCK_COMING_SOON",
      "size": "41-50",
      "ProductReviewFlag": "1"
    },
    "variants": {
      "colours": [],
      "hasColours": false,
      "hasSizes": false
    },
    "categories": [
      [
        {
          "name": "fragrance",
          "label": "fragrance"
        },
        {
          "name": "sun & holiday",
          "label": "sun & holiday"
        },
        {
          "name": "gift",
          "label": "gift"
        }
      ],
      [
        {
          "name": "perfume",
          "label": "fragrance > perfume"
        },
        {
          "name": "fragrance offers",
          "label": "fragrance > fragrance offers"
        },
        {
          "name": "recommended",
          "label": "fragrance > recommended"
        },
        {
          "name": "love island",
          "label": "sun & holiday > love island"
        },
        {
          "name": "gifts for her",
          "label": "gift > gifts for her"
        }
      ],
      [
        {
          "name": "all perfumes",
          "label": "fragrance > perfume > all perfumes"
        },
        {
          "name": "floral perfume",
          "label": "fragrance > perfume > floral perfume"
        },
        {
          "name": "save up to half price",
          "label": "fragrance > fragrance offers > save up to half price"
        },
        {
          "name": "trending fragrance",
          "label": "fragrance > recommended > trending fragrance"
        },
        {
          "name": "best summer fragrances",
          "label": "fragrance > recommended > best summer fragrances"
        },
        {
          "name": "best floral perfumes",
          "label": "fragrance > recommended > best floral perfumes"
        },
        {
          "name": "shop the love island villa",
          "label": "sun & holiday > love island > shop the love island villa"
        },
        {
          "name": "all perfumes",
          "label": "gift > gifts for her > all perfumes"
        }
      ]
    ],
    "reviews": {
      "average": 4.35,
      "count": 1626,
      "rounded": 4
    },
    "parent": {
      "product": "2714136",
      "partNumber": "10316886.P",
      "model": "10316886",
      "manufacturerModel": "3960285"
    },
    "images": {
      "thumbnail": "https://boots.scene7.com/is/image/Boots/10316886?wid=45&hei=60&op_sharpen=1"
    },
    "offers": [
      {
        "text": "Save £28.50 on Gucci Flora Gorgeous Jasmine 50ml EDP"
      }
    ],
    "actions": {},
    "iconUri": "https://boots.scene7.com/is/image/Boots/10316886?op_sharpen=1",
    "title": "Gucci Flora Gorgeous Jasmine For Her Eau de Parfum 50ml",
    "referenceUri": "/gucci-flora-gorgeous-jasmine-for-her-eau-de-parfum-50ml-10316886",
    "canAddToBasket": "yes",
    "opticians": false,
    "inStock": true,
    "expressDelivery": false,
    "hasOtherPromotion": true,
    "channelPromotionalTextMap": {
      "-1": [
        "Save £28.50 on Gucci Flora Gorgeous Jasmine 50ml EDP"
      ],
      "-6": [
        "Save £28.50 on Gucci Flora Gorgeous Jasmine 50ml EDP"
      ]
    },
    "adCardPoints": 198
  },
  {
    "_id": {
      "$oid": "65ec108d9884656b92f5569b"
    },
    "ppuQuantity": "50ML",
    "pricing": {
      "perUnit": "£90.00 per 100ML",
      "regular": {
        "value": 73,
        "currency": "GBP",
        "text": "£73.00"
      },
      "current": {
        "value": 45,
        "currency": "GBP",
        "text": "£45.00"
      },
      "saving": {
        "value": 28,
        "currency": "GBP",
        "text": "£28.00"
      }
    },
    "objectId": "335416",
    "brand": "Marc Jacobs",
    "attributes": {
      "fragrance_scent": "floral",
      "gender": "womens",
      "StockOverrideMessage": "STOCK_COMING_SOON",
      "Size": [
        "50ml",
        "50 ml"
      ],
      "parentCategory_UK": "33071",
      "fragrance_type": "eau de toilette",
      "format": "spray",
      "Reporting_Category": "fragrance",
      "gift_type": "fragrance gifts",
      "product_type": [
        "body spray",
        "body spray"
      ],
      "size": "41-50",
      "recipient": "gifts for women",
      "hasPriceAdvantageDeal": false,
      "ProductReviewFlag": "1"
    },
    "variants": {
      "colours": [],
      "hasColours": false,
      "hasSizes": false
    },
    "categories": [
      [
        {
          "name": "mother's day",
          "label": "mother's day"
        },
        {
          "name": "fragrance",
          "label": "fragrance"
        },
        {
          "name": "gift",
          "label": "gift"
        },
        {
          "name": "sun & holiday",
          "label": "sun & holiday"
        }
      ],
      [
        {
          "name": "shop all",
          "label": "mother's day > shop all"
        },
        {
          "name": "perfume",
          "label": "fragrance > perfume"
        },
        {
          "name": "fragrance offers",
          "label": "fragrance > fragrance offers"
        },
        {
          "name": "recommended",
          "label": "fragrance > recommended"
        },
        {
          "name": "gifts for her",
          "label": "gift > gifts for her"
        },
        {
          "name": "your holiday starts here",
          "label": "sun & holiday > your holiday starts here"
        },
        {
          "name": "staycation essentials",
          "label": "sun & holiday > staycation essentials"
        }
      ],
      [
        {
          "name": "all perfumes",
          "label": "fragrance > perfume > all perfumes"
        },
        {
          "name": "floral perfume",
          "label": "fragrance > perfume > floral perfume"
        },
        {
          "name": "save up to half price",
          "label": "fragrance > fragrance offers > save up to half price"
        },
        {
          "name": "Triple points on top scents",
          "label": "fragrance > fragrance offers > Triple points on top scents"
        },
        {
          "name": "Save 15% on 100s of fragrances",
          "label": "fragrance > fragrance offers > Save 15% on 100s of fragrances"
        },
        {
          "name": "best summer fragrances",
          "label": "fragrance > recommended > best summer fragrances"
        },
        {
          "name": "best floral perfumes",
          "label": "fragrance > recommended > best floral perfumes"
        },
        {
          "name": "all perfumes",
          "label": "gift > gifts for her > all perfumes"
        }
      ]
    ],
    "reviews": {
      "average": 4.59,
      "count": 1563,
      "rounded": 4
    },
    "parent": {
      "product": "335415",
      "partNumber": "10075195.P",
      "model": "10075195",
      "manufacturerModel": "5498732"
    },
    "images": {
      "thumbnail": "https://boots.scene7.com/is/image/Boots/10075195?wid=45&hei=60&op_sharpen=1"
    },
    "offers": [
      {
        "text": "Save £28 on Marc Jacobs Daisy Eau De Toilette 50ml - online only"
      }
    ],
    "actions": {},
    "iconUri": "https://boots.scene7.com/is/image/Boots/10075195?op_sharpen=1",
    "title": "Marc Jacobs Daisy Eau de Toilette 50ml",
    "referenceUri": "/marc-jacobs-daisy-eau-de-toilette-50ml-10075195",
    "canAddToBasket": "yes",
    "opticians": false,
    "inStock": true,
    "expressDelivery": false,
    "hasOtherPromotion": true,
    "channelPromotionalTextMap": {
      "-1": [
        "Save £28 on Marc Jacobs Daisy Eau De Toilette 50ml - online only"
      ],
      "-6": [
        "Save £28 on Marc Jacobs Daisy Eau De Toilette 50ml - online only"
      ]
    },
    "adCardPoints": 135
  },
  {
    "_id": {
      "$oid": "65ec108d9884656b92f5569c"
    },
    "ppuQuantity": "80ML",
    "pricing": {
      "perUnit": "£148.75 per 100ML",
      "regular": {
        "value": 140,
        "currency": "GBP",
        "text": "£140.00"
      },
      "current": {
        "value": 119,
        "currency": "GBP",
        "text": "£119.00"
      },
      "saving": {
        "value": 21,
        "currency": "GBP",
        "text": "£21.00"
      }
    },
    "objectId": "2933147",
    "brand": "Christian Dior",
    "attributes": {
      "fragrance_scent": "jasmine",
      "product_type": "body spray",
      "gender": "womens",
      "size": "71-100",
      "StockOverrideMessage": "STOCK_COMING_SOON",
      "format": "spray",
      "fragrance_type": "eau de parfum",
      "hasPriceAdvantageDeal": false,
      "ProductReviewFlag": "1"
    },
    "variants": {
      "colours": [],
      "hasColours": false,
      "hasSizes": false
    },
    "categories": [
      [
        {
          "name": "fragrance",
          "label": "fragrance"
        },
        {
          "name": "gift",
          "label": "gift"
        },
        {
          "name": "new in",
          "label": "new in"
        }
      ],
      [
        {
          "name": "perfume",
          "label": "fragrance > perfume"
        },
        {
          "name": "recommended",
          "label": "fragrance > recommended"
        },
        {
          "name": "gifts for her",
          "label": "gift > gifts for her"
        },
        {
          "name": "new in fragrance",
          "label": "fragrance > new in fragrance"
        },
        {
          "name": "5* rated perfumes & aftershaves",
          "label": "fragrance > 5* rated perfumes & aftershaves"
        },
        {
          "name": "new in fragrance",
          "label": "new in > new in fragrance"
        }
      ],
      [
        {
          "name": "all perfumes",
          "label": "fragrance > perfume > all perfumes"
        },
        {
          "name": "floral perfume",
          "label": "fragrance > perfume > floral perfume"
        },
        {
          "name": "trending fragrance",
          "label": "fragrance > recommended > trending fragrance"
        },
        {
          "name": "best summer fragrances",
          "label": "fragrance > recommended > best summer fragrances"
        },
        {
          "name": "best floral perfumes",
          "label": "fragrance > recommended > best floral perfumes"
        },
        {
          "name": "all perfumes",
          "label": "gift > gifts for her > all perfumes"
        }
      ]
    ],
    "reviews": {
      "average": 4.67,
      "count": 30,
      "rounded": 4
    },
    "parent": {
      "product": "2933146",
      "partNumber": "10340246.P",
      "model": "10340246",
      "manufacturerModel": "2292831"
    },
    "images": {
      "thumbnail": "https://boots.scene7.com/is/image/Boots/10340246?wid=45&hei=60&op_sharpen=1"
    },
    "offers": [
      {
        "text": "Save up to 20 percent on selected fragrances"
      }
    ],
    "actions": {},
    "iconUri": "https://boots.scene7.com/is/image/Boots/10340246?op_sharpen=1",
    "title": "DIOR Miss Dior Parfum 80ml",
    "referenceUri": "/miss-dior-parfum-80ml-10340246",
    "canAddToBasket": "yes",
    "opticians": false,
    "inStock": true,
    "expressDelivery": false,
    "hasOtherPromotion": true,
    "channelPromotionalTextMap": {
      "-1": [
        "Save up to 20 percent on selected fragrances"
      ],
      "-6": [
        "Save up to 20 percent on selected fragrances"
      ]
    },
    "adCardPoints": 357
  },
  {
    "_id": {
      "$oid": "65ec108d9884656b92f5569d"
    },
    "ppuQuantity": "50ML",
    "pricing": {
      "perUnit": "£154.00 per 100ML",
      "regular": {
        "value": 92,
        "currency": "GBP",
        "text": "£92.00"
      },
      "current": {
        "value": 77,
        "currency": "GBP",
        "text": "£77.00"
      },
      "saving": {
        "value": 15,
        "currency": "GBP",
        "text": "£15.00"
      }
    },
    "objectId": "1374469",
    "brand": "Giorgio Armani",
    "attributes": {
      "fragrance_scent": [
        "vanilla",
        "amber",
        "citrus",
        "floral",
        "jasmine",
        "woody",
        "chypre"
      ],
      "gender": "womens",
      "StockOverrideMessage": "STOCK_COMING_SOON",
      "size": "41-50",
      "Size": "50ml",
      "parentCategory_UK": "33071",
      "fragrance_type": "eau de parfum",
      "recipient": "gifts for women",
      "hasPriceAdvantageDeal": false,
      "Reporting_Category": "fragrance",
      "gift_type": "fragrance gifts",
      "ProductReviewFlag": "1"
    },
    "variants": {
      "colours": [],
      "hasColours": false,
      "hasSizes": false
    },
    "categories": [
      [
        {
          "name": "mother's day",
          "label": "mother's day"
        },
        {
          "name": "fragrance",
          "label": "fragrance"
        },
        {
          "name": "gift",
          "label": "gift"
        }
      ],
      [
        {
          "name": "shop all",
          "label": "mother's day > shop all"
        },
        {
          "name": "perfume",
          "label": "fragrance > perfume"
        },
        {
          "name": "fragrance offers",
          "label": "fragrance > fragrance offers"
        },
        {
          "name": "recommended",
          "label": "fragrance > recommended"
        },
        {
          "name": "gifts for her",
          "label": "gift > gifts for her"
        },
        {
          "name": "gift by occasion",
          "label": "gift > gift by occasion"
        },
        {
          "name": "5* rated perfumes & aftershaves",
          "label": "fragrance > 5* rated perfumes & aftershaves"
        },
        {
          "name": "all gifts",
          "label": "gift > all gifts"
        }
      ],
      [
        {
          "name": "all perfumes",
          "label": "fragrance > perfume > all perfumes"
        },
        {
          "name": "vanilla perfume",
          "label": "fragrance > perfume > vanilla perfume"
        },
        {
          "name": "floral perfume",
          "label": "fragrance > perfume > floral perfume"
        },
        {
          "name": "amber perfume",
          "label": "fragrance > perfume > amber perfume"
        },
        {
          "name": "save up to half price",
          "label": "fragrance > fragrance offers > save up to half price"
        },
        {
          "name": "save 15 pounds",
          "label": "fragrance > fragrance offers > save 15 pounds"
        },
        {
          "name": "Triple points on top scents",
          "label": "fragrance > fragrance offers > Triple points on top scents"
        },
        {
          "name": "Collect £10 worth of points when you spend £60",
          "label": "fragrance > fragrance offers > Collect £10 worth of points when you spend £60"
        },
        {
          "name": "personalise your perfect gift",
          "label": "fragrance > fragrance offers > personalise your perfect gift"
        },
        {
          "name": "Save 15% on 100s of fragrances",
          "label": "fragrance > fragrance offers > Save 15% on 100s of fragrances"
        },
        {
          "name": "save £15",
          "label": "fragrance > fragrance offers > save £15"
        },
        {
          "name": "best floral perfumes",
          "label": "fragrance > recommended > best floral perfumes"
        },
        {
          "name": "all perfumes",
          "label": "gift > gifts for her > all perfumes"
        },
        {
          "name": "wedding gifts",
          "label": "gift > gift by occasion > wedding gifts"
        }
      ]
    ],
    "reviews": {
      "average": 4.69,
      "count": 498,
      "rounded": 4
    },
    "parent": {
      "product": "1374468",
      "partNumber": "10162578.P",
      "model": "10162578",
      "manufacturerModel": "1537121"
    },
    "images": {
      "thumbnail": "https://boots.scene7.com/is/image/Boots/10162578?wid=45&hei=60&op_sharpen=1"
    },
    "offers": [
      {
        "text": "Save £15 on selected fragrance"
      },
      {
        "text": "Free Giorgio Armani Si Eau de Parfum 15ml when you buy Giorgio Armani Si 50ml or above - whilst stocks last"
      }
    ],
    "actions": {},
    "iconUri": "https://boots.scene7.com/is/image/Boots/10162578?op_sharpen=1",
    "title": "Giorgio Armani Sì Eau de Parfum 50ml",
    "referenceUri": "/giorgio-armani-si-eau-de-parfum-50ml-10162578",
    "canAddToBasket": "yes",
    "opticians": false,
    "inStock": true,
    "expressDelivery": false,
    "hasOtherPromotion": true,
    "channelPromotionalTextMap": {
      "-1": [
        "Save £15 on selected fragrance",
        "Free Giorgio Armani Si Eau de Parfum 15ml when you buy Giorgio Armani Si 50ml or above - whilst stocks last"
      ],
      "-6": [
        "Save £15 on selected fragrance",
        "Free Giorgio Armani Si Eau de Parfum 15ml when you buy Giorgio Armani Si 50ml or above - whilst stocks last"
      ]
    },
    "adCardPoints": 231
  },
  {
    "_id": {
      "$oid": "65ec108d9884656b92f5569e"
    },
    "ppuQuantity": "80ML",
    "pricing": {
      "perUnit": "£143.44 per 100ML",
      "regular": {
        "value": 135,
        "currency": "GBP",
        "text": "£135.00"
      },
      "current": {
        "value": 114.75,
        "currency": "GBP",
        "text": "£114.75"
      },
      "saving": {
        "value": 20.25,
        "currency": "GBP",
        "text": "£20.25"
      }
    },
    "objectId": "2930117",
    "brand": "Paco Rabanne",
    "attributes": {
      "fragrance_scent": "floral",
      "product_type": "body spray",
      "StockOverrideMessage": "STOCK_COMING_SOON",
      "gender": "womens",
      "size": "71-100",
      "fragrance_type": "eau de parfum",
      "format": "spray",
      "hasPriceAdvantageDeal": false,
      "ProductReviewFlag": "1"
    },
    "variants": {
      "colours": [],
      "hasColours": false,
      "hasSizes": false
    },
    "categories": [
      [
        {
          "name": "new in",
          "label": "new in"
        },
        {
          "name": "fragrance",
          "label": "fragrance"
        },
        {
          "name": "gift",
          "label": "gift"
        }
      ],
      [
        {
          "name": "new in fragrance",
          "label": "new in > new in fragrance"
        },
        {
          "name": "perfume",
          "label": "fragrance > perfume"
        },
        {
          "name": "gifts for her",
          "label": "gift > gifts for her"
        },
        {
          "name": "luxury fragrance",
          "label": "fragrance > luxury fragrance"
        },
        {
          "name": "new in fragrance",
          "label": "fragrance > new in fragrance"
        },
        {
          "name": "brands",
          "label": "fragrance > brands"
        }
      ],
      [
        {
          "name": "all perfumes",
          "label": "fragrance > perfume > all perfumes"
        },
        {
          "name": "floral perfume",
          "label": "fragrance > perfume > floral perfume"
        },
        {
          "name": "perfume refill bottles",
          "label": "fragrance > perfume > perfume refill bottles"
        },
        {
          "name": "all perfumes",
          "label": "gift > gifts for her > all perfumes"
        }
      ]
    ],
    "reviews": {
      "average": null,
      "count": null,
      "rounded": null
    },
    "parent": {
      "product": "2930116",
      "partNumber": "10339813.P",
      "model": "10339813",
      "manufacturerModel": "2240033"
    },
    "images": {
      "thumbnail": "https://boots.scene7.com/is/image/Boots/10339813?wid=45&hei=60&op_sharpen=1"
    },
    "offers": [
      {
        "text": "Save up to 20 percent on selected fragrances"
      }
    ],
    "actions": {},
    "iconUri": "https://boots.scene7.com/is/image/Boots/10339813?op_sharpen=1",
    "title": "Rabanne Fame Intense Eau de Parfum Intense 80ml",
    "referenceUri": "/rabanne-fame-intense-eau-de-parfum-intense-80ml-10339813",
    "canAddToBasket": "yes",
    "opticians": false,
    "inStock": true,
    "expressDelivery": false,
    "hasOtherPromotion": true,
    "channelPromotionalTextMap": {
      "-1": [
        "Save up to 20 percent on selected fragrances"
      ],
      "-6": [
        "Save up to 20 percent on selected fragrances"
      ]
    },
    "adCardPoints": 342
  },
  {
    "_id": {
      "$oid": "65ec108d9884656b92f5569f"
    },
    "ppuQuantity": "50ML",
    "pricing": {
      "perUnit": "£164.00 per 100ML",
      "regular": {
        "value": 97,
        "currency": "GBP",
        "text": "£97.00"
      },
      "current": {
        "value": 82,
        "currency": "GBP",
        "text": "£82.00"
      },
      "saving": {
        "value": 15,
        "currency": "GBP",
        "text": "£15.00"
      }
    },
    "objectId": "2590188",
    "brand": "Christian Dior",
    "attributes": {
      "fragrance_scent": "floral",
      "StockOverrideMessage": "STOCK_COMING_SOON",
      "size": "41-50",
      "gender": "womens",
      "fragrance_type": "eau de parfum",
      "recipient": "gifts for women",
      "hasPriceAdvantageDeal": false,
      "Reporting_Category": "fragrance",
      "gift_type": "fragrance gifts",
      "ProductReviewFlag": "1"
    },
    "variants": {
      "colours": [],
      "hasColours": false,
      "hasSizes": false
    },
    "categories": [
      [
        {
          "name": "gift",
          "label": "gift"
        },
        {
          "name": "fragrance",
          "label": "fragrance"
        }
      ],
      [
        {
          "name": "all gifts",
          "label": "gift > all gifts"
        },
        {
          "name": "perfume",
          "label": "fragrance > perfume"
        },
        {
          "name": "fragrance offers",
          "label": "fragrance > fragrance offers"
        },
        {
          "name": "gifts for her",
          "label": "gift > gifts for her"
        },
        {
          "name": "gift by occasion",
          "label": "gift > gift by occasion"
        },
        {
          "name": "5* rated perfumes & aftershaves",
          "label": "fragrance > 5* rated perfumes & aftershaves"
        },
        {
          "name": "Eid gifts",
          "label": "gift > Eid gifts"
        }
      ],
      [
        {
          "name": "all perfumes",
          "label": "fragrance > perfume > all perfumes"
        },
        {
          "name": "floral perfume",
          "label": "fragrance > perfume > floral perfume"
        },
        {
          "name": "save 15 pounds",
          "label": "fragrance > fragrance offers > save 15 pounds"
        },
        {
          "name": "save £15",
          "label": "fragrance > fragrance offers > save £15"
        },
        {
          "name": "all perfumes",
          "label": "gift > gifts for her > all perfumes"
        },
        {
          "name": "wedding gifts",
          "label": "gift > gift by occasion > wedding gifts"
        }
      ]
    ],
    "reviews": {
      "average": 4.73,
      "count": 10914,
      "rounded": 4
    },
    "parent": {
      "product": "2590187",
      "partNumber": "10300555.P",
      "model": "10300555",
      "manufacturerModel": "4766938"
    },
    "images": {
      "thumbnail": "https://boots.scene7.com/is/image/Boots/10300555?wid=45&hei=60&op_sharpen=1"
    },
    "offers": [
      {
        "text": "Save £15 on selected fragrance"
      }
    ],
    "actions": {},
    "iconUri": "https://boots.scene7.com/is/image/Boots/10300555?op_sharpen=1",
    "title": "DIOR Miss Dior Eau de Parfum 50ml",
    "referenceUri": "/dior-miss-dior-eau-de-parfum-50ml-10300555",
    "canAddToBasket": "yes",
    "opticians": false,
    "inStock": true,
    "expressDelivery": false,
    "hasOtherPromotion": true,
    "channelPromotionalTextMap": {
      "-1": [
        "Save £15 on selected fragrance"
      ],
      "-6": [
        "Save £15 on selected fragrance"
      ]
    },
    "adCardPoints": 246
  },
  {
    "_id": {
      "$oid": "65ec108d9884656b92f556a0"
    },
    "ppuQuantity": "90ML",
    "pricing": {
      "perUnit": "£123.72 per 100ML",
      "regular": {
        "value": 131,
        "currency": "GBP",
        "text": "£131.00"
      },
      "current": {
        "value": 111.35,
        "currency": "GBP",
        "text": "£111.35"
      },
      "saving": {
        "value": 19.65,
        "currency": "GBP",
        "text": "£19.65"
      }
    },
    "objectId": "2920183",
    "brand": "Yves Saint Laurent",
    "attributes": {
      "fragrance_scent": [
        "sweet",
        "floral"
      ],
      "product_type": "body spray",
      "StockOverrideMessage": "STOCK_COMING_SOON",
      "size": "71-100",
      "gender": "womens",
      "fragrance_type": "eau de parfum",
      "format": "spray",
      "hasPriceAdvantageDeal": false,
      "ProductReviewFlag": "1"
    },
    "variants": {
      "colours": [],
      "hasColours": false,
      "hasSizes": false
    },
    "categories": [
      [
        {
          "name": "new in",
          "label": "new in"
        },
        {
          "name": "fragrance",
          "label": "fragrance"
        },
        {
          "name": "gift",
          "label": "gift"
        }
      ],
      [
        {
          "name": "new in fragrance",
          "label": "new in > new in fragrance"
        },
        {
          "name": "perfume",
          "label": "fragrance > perfume"
        },
        {
          "name": "gifts for her",
          "label": "gift > gifts for her"
        },
        {
          "name": "luxury fragrance",
          "label": "fragrance > luxury fragrance"
        },
        {
          "name": "new in fragrance",
          "label": "fragrance > new in fragrance"
        }
      ],
      [
        {
          "name": "all perfumes",
          "label": "fragrance > perfume > all perfumes"
        },
        {
          "name": "floral perfume",
          "label": "fragrance > perfume > floral perfume"
        },
        {
          "name": "all perfumes",
          "label": "gift > gifts for her > all perfumes"
        }
      ]
    ],
    "reviews": {
      "average": 4.78,
      "count": 45,
      "rounded": 4
    },
    "parent": {
      "product": "2920182",
      "partNumber": "10338677.P",
      "model": "10338677",
      "manufacturerModel": "1940937"
    },
    "images": {
      "thumbnail": "https://boots.scene7.com/is/image/Boots/10338677?wid=45&hei=60&op_sharpen=1"
    },
    "offers": [
      {
        "text": "Save up to 20 percent on selected fragrances"
      }
    ],
    "actions": {},
    "iconUri": "https://boots.scene7.com/is/image/Boots/10338677?op_sharpen=1",
    "title": "Yves Saint Laurent Black Opium Eau de Parfum Over Red 90ml",
    "referenceUri": "/yves-saint-laurent-black-opium-eau-de-parfum-over-red-90ml-10338677",
    "canAddToBasket": "yes",
    "opticians": false,
    "inStock": true,
    "expressDelivery": false,
    "hasOtherPromotion": true,
    "channelPromotionalTextMap": {
      "-1": [
        "Save up to 20 percent on selected fragrances"
      ],
      "-6": [
        "Save up to 20 percent on selected fragrances"
      ]
    },
    "adCardPoints": 333
  },
  {
    "_id": {
      "$oid": "65ec108d9884656b92f556a1"
    },
    "ppuQuantity": "50ML",
    "pricing": {
      "perUnit": "£116.00 per 100ML",
      "regular": {
        "value": 95,
        "currency": "GBP",
        "text": "£95.00"
      },
      "current": {
        "value": 58,
        "currency": "GBP",
        "text": "£58.00"
      },
      "saving": {
        "value": 37,
        "currency": "GBP",
        "text": "£37.00"
      }
    },
    "objectId": "2392069",
    "brand": "Giorgio Armani",
    "attributes": {
      "fragrance_scent": [
        "floral",
        "woody",
        "musk",
        "vanilla",
        "jasmine",
        "citrus"
      ],
      "StockOverrideMessage": "STOCK_COMING_SOON",
      "size": "41-50",
      "gender": "womens",
      "fragrance_type": "eau de parfum",
      "recipient": "gifts for women",
      "hasPriceAdvantageDeal": false,
      "Reporting_Category": "fragrance",
      "gift_type": "fragrance gifts",
      "ProductReviewFlag": "1"
    },
    "variants": {
      "colours": [],
      "hasColours": false,
      "hasSizes": false
    },
    "categories": [
      [
        {
          "name": "mother's day",
          "label": "mother's day"
        },
        {
          "name": "fragrance",
          "label": "fragrance"
        },
        {
          "name": "gift",
          "label": "gift"
        },
        {
          "name": "wellness",
          "label": "wellness"
        }
      ],
      [
        {
          "name": "shop all",
          "label": "mother's day > shop all"
        },
        {
          "name": "perfume",
          "label": "fragrance > perfume"
        },
        {
          "name": "fragrance offers",
          "label": "fragrance > fragrance offers"
        },
        {
          "name": "gifts for her",
          "label": "gift > gifts for her"
        },
        {
          "name": "sustainability at Boots",
          "label": "wellness > sustainability at Boots"
        },
        {
          "name": "5* rated perfumes & aftershaves",
          "label": "fragrance > 5* rated perfumes & aftershaves"
        }
      ],
      [
        {
          "name": "all perfumes",
          "label": "fragrance > perfume > all perfumes"
        },
        {
          "name": "vanilla perfume",
          "label": "fragrance > perfume > vanilla perfume"
        },
        {
          "name": "musky perfume",
          "label": "fragrance > perfume > musky perfume"
        },
        {
          "name": "floral perfume",
          "label": "fragrance > perfume > floral perfume"
        },
        {
          "name": "perfume refill bottles",
          "label": "fragrance > perfume > perfume refill bottles"
        },
        {
          "name": "save up to half price",
          "label": "fragrance > fragrance offers > save up to half price"
        },
        {
          "name": "personalise your perfect gift",
          "label": "fragrance > fragrance offers > personalise your perfect gift"
        },
        {
          "name": "all perfumes",
          "label": "gift > gifts for her > all perfumes"
        },
        {
          "name": "reuse ready",
          "label": "wellness > sustainability at Boots > reuse ready"
        }
      ]
    ],
    "reviews": {
      "average": 4.66,
      "count": 8771,
      "rounded": 4
    },
    "parent": {
      "product": "2392068",
      "partNumber": "10279632.P",
      "model": "10279632",
      "manufacturerModel": "8854181"
    },
    "images": {
      "thumbnail": "https://boots.scene7.com/is/image/Boots/10279632?wid=45&hei=60&op_sharpen=1"
    },
    "offers": [
      {
        "text": "Save £37 on Giorgio Armani My Way Eau de Parfum 50ml Refillable - online only"
      }
    ],
    "actions": {},
    "iconUri": "https://boots.scene7.com/is/image/Boots/10279632?op_sharpen=1",
    "title": "Giorgio Armani My Way Eau de Parfum 50ml Refillable",
    "referenceUri": "/giorgio-armani-my-way-eau-de-parfum-50ml-refillable-10279632",
    "canAddToBasket": "yes",
    "opticians": false,
    "inStock": true,
    "expressDelivery": false,
    "hasOtherPromotion": true,
    "channelPromotionalTextMap": {
      "-1": [
        "Save £37 on Giorgio Armani My Way Eau de Parfum 50ml Refillable - online only"
      ],
      "-6": [
        "Save £37 on Giorgio Armani My Way Eau de Parfum 50ml Refillable - online only"
      ]
    },
    "adCardPoints": 174
  },
  {
    "_id": {
      "$oid": "65ec108d9884656b92f556a2"
    },
    "ppuQuantity": "50ML",
    "pricing": {
      "perUnit": "£74.00 per 100ML",
      "regular": {
        "value": 74,
        "currency": "GBP",
        "text": "£74.00"
      },
      "current": {
        "value": 37,
        "currency": "GBP",
        "text": "£37.00"
      },
      "saving": {
        "value": 37,
        "currency": "GBP",
        "text": "£37.00"
      }
    },
    "objectId": "1265643",
    "brand": "Marc Jacobs",
    "attributes": {
      "fragrance_scent": [
        "jasmine",
        "vanilla",
        "musk",
        "floral"
      ],
      "gender": "womens",
      "StockOverrideMessage": "STOCK_COMING_SOON",
      "size": "41-50",
      "parentCategory_UK": "33071",
      "fragrance_type": "eau de parfum",
      "format": "spray",
      "recipient": "gifts for women",
      "hasPriceAdvantageDeal": false,
      "Reporting_Category": "fragrance",
      "gift_type": "fragrance gifts",
      "ProductReviewFlag": "1"
    },
    "variants": {
      "colours": [],
      "hasColours": false,
      "hasSizes": false
    },
    "categories": [
      [
        {
          "name": "mother's day",
          "label": "mother's day"
        },
        {
          "name": "fragrance",
          "label": "fragrance"
        },
        {
          "name": "gift",
          "label": "gift"
        }
      ],
      [
        {
          "name": "shop all",
          "label": "mother's day > shop all"
        },
        {
          "name": "perfume",
          "label": "fragrance > perfume"
        },
        {
          "name": "fragrance offers",
          "label": "fragrance > fragrance offers"
        },
        {
          "name": "gifts for her",
          "label": "gift > gifts for her"
        },
        {
          "name": "all gifts",
          "label": "gift > all gifts"
        }
      ],
      [
        {
          "name": "all perfumes",
          "label": "fragrance > perfume > all perfumes"
        },
        {
          "name": "vanilla perfume",
          "label": "fragrance > perfume > vanilla perfume"
        },
        {
          "name": "musky perfume",
          "label": "fragrance > perfume > musky perfume"
        },
        {
          "name": "floral perfume",
          "label": "fragrance > perfume > floral perfume"
        },
        {
          "name": "save up to half price",
          "label": "fragrance > fragrance offers > save up to half price"
        },
        {
          "name": "save up to 20% on fragrance",
          "label": "fragrance > fragrance offers > save up to 20% on fragrance"
        },
        {
          "name": "black friday fragrance offers",
          "label": "fragrance > fragrance offers > black friday fragrance offers"
        },
        {
          "name": "Save 15% on 100s of fragrances",
          "label": "fragrance > fragrance offers > Save 15% on 100s of fragrances"
        },
        {
          "name": "all perfumes",
          "label": "gift > gifts for her > all perfumes"
        }
      ]
    ],
    "reviews": {
      "average": 4.65,
      "count": 258,
      "rounded": 4
    },
    "parent": {
      "product": "1265642",
      "partNumber": "10142207.P",
      "model": "10142207",
      "manufacturerModel": "7801459"
    },
    "images": {
      "thumbnail": "https://boots.scene7.com/is/image/Boots/10142207?wid=45&hei=60&op_sharpen=1"
    },
    "offers": [
      {
        "text": "1/2 price on Marc Jacobs Dot Eau De Parfum 50ml - online only"
      }
    ],
    "actions": {},
    "iconUri": "https://boots.scene7.com/is/image/Boots/10142207?op_sharpen=1",
    "title": "Marc Jacobs Dot Eau de Parfum 50ml",
    "referenceUri": "/marc-jacobs-dot-eau-de-parfum-50ml-10142207",
    "canAddToBasket": "yes",
    "opticians": false,
    "inStock": true,
    "expressDelivery": false,
    "hasOtherPromotion": true,
    "channelPromotionalTextMap": {
      "-1": [
        "1/2 price on Marc Jacobs Dot Eau De Parfum 50ml - online only"
      ],
      "-6": [
        "1/2 price on Marc Jacobs Dot Eau De Parfum 50ml - online only"
      ]
    },
    "adCardPoints": 111
  },
  {
    "_id": {
      "$oid": "65ec108d9884656b92f556a3"
    },
    "ppuQuantity": "80ML",
    "pricing": {
      "perUnit": "£93.13 per 100ML",
      "regular": {
        "value": 98,
        "currency": "GBP",
        "text": "£98.00"
      },
      "current": {
        "value": 74.5,
        "currency": "GBP",
        "text": "£74.50"
      },
      "saving": {
        "value": 23.5,
        "currency": "GBP",
        "text": "£23.50"
      }
    },
    "objectId": "1116313",
    "brand": "Paco Rabanne",
    "attributes": {
      "fragrance_scent": [
        "floral",
        "woody",
        "fruity",
        "aromatic",
        "citrus"
      ],
      "gender": "womens",
      "StockOverrideMessage": "STOCK_COMING_SOON",
      "parentCategory_UK": "33071",
      "fragrance_type": "eau de parfum",
      "hasPriceAdvantageDeal": false,
      "Reporting_Category": "fragrance",
      "gift_type": "fragrance gifts",
      "ProductReviewFlag": "1"
    },
    "variants": {
      "colours": [],
      "hasColours": false,
      "hasSizes": false
    },
    "categories": [
      [
        {
          "name": "mother's day",
          "label": "mother's day"
        },
        {
          "name": "fragrance",
          "label": "fragrance"
        },
        {
          "name": "gift",
          "label": "gift"
        }
      ],
      [
        {
          "name": "shop all",
          "label": "mother's day > shop all"
        },
        {
          "name": "perfume",
          "label": "fragrance > perfume"
        },
        {
          "name": "fragrance offers",
          "label": "fragrance > fragrance offers"
        },
        {
          "name": "recommended",
          "label": "fragrance > recommended"
        },
        {
          "name": "gifts for her",
          "label": "gift > gifts for her"
        },
        {
          "name": "Eid gifts",
          "label": "gift > Eid gifts"
        },
        {
          "name": "all gifts",
          "label": "gift > all gifts"
        }
      ],
      [
        {
          "name": "all perfumes",
          "label": "fragrance > perfume > all perfumes"
        },
        {
          "name": "floral perfume",
          "label": "fragrance > perfume > floral perfume"
        },
        {
          "name": "save up to half price",
          "label": "fragrance > fragrance offers > save up to half price"
        },
        {
          "name": "Triple points on top scents",
          "label": "fragrance > fragrance offers > Triple points on top scents"
        },
        {
          "name": "Collect £10 worth of points when you spend £60",
          "label": "fragrance > fragrance offers > Collect £10 worth of points when you spend £60"
        },
        {
          "name": "best floral perfumes",
          "label": "fragrance > recommended > best floral perfumes"
        },
        {
          "name": "all perfumes",
          "label": "gift > gifts for her > all perfumes"
        }
      ]
    ],
    "reviews": {
      "average": 4.59,
      "count": 890,
      "rounded": 4
    },
    "parent": {
      "product": "1116312",
      "partNumber": "10111918.P",
      "model": "10111918",
      "manufacturerModel": "7623844"
    },
    "images": {
      "thumbnail": "https://boots.scene7.com/is/image/Boots/10111918?wid=45&hei=60&op_sharpen=1"
    },
    "offers": [
      {
        "text": "Save up to 1/2 price on selected fragrances"
      }
    ],
    "actions": {},
    "iconUri": "https://boots.scene7.com/is/image/Boots/10111918?op_sharpen=1",
    "title": "Rabanne Lady Million Eau De Parfum 80ml",
    "referenceUri": "/paco-rabanne-lady-million-eau-de-parfum-80ml-10111918",
    "canAddToBasket": "yes",
    "opticians": false,
    "inStock": true,
    "expressDelivery": false,
    "hasOtherPromotion": true,
    "channelPromotionalTextMap": {
      "-1": [
        "Save up to 1/2 price on selected fragrances"
      ],
      "-6": [
        "Save up to 1/2 price on selected fragrances"
      ]
    },
    "adCardPoints": 222
  },
  {
    "_id": {
      "$oid": "65ec108d9884656b92f556a4"
    },
    "ppuQuantity": "50ML",
    "pricing": {
      "perUnit": "£120.00 per 100ML",
      "regular": {
        "value": 87,
        "currency": "GBP",
        "text": "£87.00"
      },
      "current": {
        "value": 60,
        "currency": "GBP",
        "text": "£60.00"
      },
      "saving": {
        "value": 27,
        "currency": "GBP",
        "text": "£27.00"
      }
    },
    "objectId": "1857940",
    "brand": "Hugo Boss",
    "attributes": {
      "fragrance_scent": [
        "floral",
        "amber"
      ],
      "size": "41-50",
      "StockOverrideMessage": "STOCK_COMING_SOON",
      "gender": "womens",
      "parentCategory_UK": "33071",
      "fragrance_type": "eau de parfum",
      "hasPriceAdvantageDeal": false,
      "Reporting_Category": "fragrance",
      "ProductReviewFlag": "1"
    },
    "variants": {
      "colours": [],
      "hasColours": false,
      "hasSizes": false
    },
    "categories": [
      [
        {
          "name": "mother's day",
          "label": "mother's day"
        },
        {
          "name": "fragrance",
          "label": "fragrance"
        },
        {
          "name": "gift",
          "label": "gift"
        }
      ],
      [
        {
          "name": "shop all",
          "label": "mother's day > shop all"
        },
        {
          "name": "perfume",
          "label": "fragrance > perfume"
        },
        {
          "name": "fragrance offers",
          "label": "fragrance > fragrance offers"
        },
        {
          "name": "gifts for her",
          "label": "gift > gifts for her"
        },
        {
          "name": "5* rated perfumes & aftershaves",
          "label": "fragrance > 5* rated perfumes & aftershaves"
        },
        {
          "name": "gifts for him",
          "label": "gift > gifts for him"
        }
      ],
      [
        {
          "name": "all perfumes",
          "label": "fragrance > perfume > all perfumes"
        },
        {
          "name": "floral perfume",
          "label": "fragrance > perfume > floral perfume"
        },
        {
          "name": "amber perfume",
          "label": "fragrance > perfume > amber perfume"
        },
        {
          "name": "save up to half price",
          "label": "fragrance > fragrance offers > save up to half price"
        },
        {
          "name": "Collect £10 worth of points when you spend £60",
          "label": "fragrance > fragrance offers > Collect £10 worth of points when you spend £60"
        },
        {
          "name": "Save 15% on 100s of fragrances",
          "label": "fragrance > fragrance offers > Save 15% on 100s of fragrances"
        },
        {
          "name": "all perfumes",
          "label": "gift > gifts for her > all perfumes"
        }
      ]
    ],
    "reviews": {
      "average": 4.49,
      "count": 244,
      "rounded": 4
    },
    "parent": {
      "product": "1857939",
      "partNumber": "10217017.P",
      "model": "10217017",
      "manufacturerModel": "6646301"
    },
    "images": {
      "thumbnail": "https://boots.scene7.com/is/image/Boots/10217017?wid=45&hei=60&op_sharpen=1"
    },
    "offers": [
      {
        "text": "Save £27 on BOSS The Scent For Her Eau de Parfum 50ml"
      }
    ],
    "actions": {},
    "iconUri": "https://boots.scene7.com/is/image/Boots/10217017?op_sharpen=1",
    "title": "BOSS The Scent For Her Eau de Parfum 50ml",
    "referenceUri": "/hugo-boss-boss-the-scent-for-her-eau-de-parfum-50ml-10217017",
    "canAddToBasket": "yes",
    "opticians": false,
    "inStock": true,
    "expressDelivery": false,
    "hasOtherPromotion": true,
    "channelPromotionalTextMap": {
      "-1": [
        "Save £27 on BOSS The Scent For Her Eau de Parfum 50ml"
      ],
      "-6": [
        "Save £27 on BOSS The Scent For Her Eau de Parfum 50ml"
      ]
    },
    "adCardPoints": 180
  },
  {
    "_id": {
      "$oid": "65ec108d9884656b92f556a5"
    },
    "ppuQuantity": "30ML",
    "pricing": {
      "perUnit": "£195.50 per 100ML",
      "regular": {
        "value": 69,
        "currency": "GBP",
        "text": "£69.00"
      },
      "current": {
        "value": 58.65,
        "currency": "GBP",
        "text": "£58.65"
      },
      "saving": {
        "value": 10.35,
        "currency": "GBP",
        "text": "£10.35"
      }
    },
    "objectId": "2717113",
    "brand": "Prada",
    "attributes": {
      "fragrance_scent": "floral",
      "StockOverrideMessage": "STOCK_COMING_SOON",
      "gender": "womens",
      "size": "21-30",
      "fragrance_type": "eau de parfum",
      "hasPriceAdvantageDeal": false,
      "ProductReviewFlag": "1"
    },
    "variants": {
      "colours": [],
      "hasColours": false,
      "hasSizes": false
    },
    "categories": [
      [
        {
          "name": "fragrance",
          "label": "fragrance"
        },
        {
          "name": "gift",
          "label": "gift"
        }
      ],
      [
        {
          "name": "5* rated perfumes & aftershaves",
          "label": "fragrance > 5* rated perfumes & aftershaves"
        },
        {
          "name": "perfume",
          "label": "fragrance > perfume"
        },
        {
          "name": "recommended",
          "label": "fragrance > recommended"
        },
        {
          "name": "gifts for her",
          "label": "gift > gifts for her"
        },
        {
          "name": "luxury fragrance",
          "label": "fragrance > luxury fragrance"
        },
        {
          "name": "brands",
          "label": "fragrance > brands"
        }
      ],
      [
        {
          "name": "all perfumes",
          "label": "fragrance > perfume > all perfumes"
        },
        {
          "name": "floral perfume",
          "label": "fragrance > perfume > floral perfume"
        },
        {
          "name": "trending fragrance",
          "label": "fragrance > recommended > trending fragrance"
        },
        {
          "name": "all perfumes",
          "label": "gift > gifts for her > all perfumes"
        }
      ]
    ],
    "reviews": {
      "average": 4.78,
      "count": 6490,
      "rounded": 4
    },
    "parent": {
      "product": "2717112",
      "partNumber": "10317216.P",
      "model": "10317216",
      "manufacturerModel": "4139666"
    },
    "images": {
      "thumbnail": "https://boots.scene7.com/is/image/Boots/10317216?wid=45&hei=60&op_sharpen=1"
    },
    "offers": [
      {
        "text": "Save up to 20 percent on selected fragrances"
      }
    ],
    "actions": {},
    "iconUri": "https://boots.scene7.com/is/image/Boots/10317216?op_sharpen=1",
    "title": "Prada Paradoxe Eau de Parfum 30ml",
    "referenceUri": "/prada-paradoxe-eau-de-parfum-30ml-10317216",
    "canAddToBasket": "yes",
    "opticians": false,
    "inStock": true,
    "expressDelivery": false,
    "hasOtherPromotion": true,
    "channelPromotionalTextMap": {
      "-1": [
        "Save up to 20 percent on selected fragrances"
      ],
      "-6": [
        "Save up to 20 percent on selected fragrances"
      ]
    },
    "adCardPoints": 174
  },
  {
    "_id": {
      "$oid": "65ec108d9884656b92f556a6"
    },
    "ppuQuantity": "100ML",
    "pricing": {
      "perUnit": "£75.00 per 100ML",
      "regular": {
        "value": 115,
        "currency": "GBP",
        "text": "£115.00"
      },
      "current": {
        "value": 75,
        "currency": "GBP",
        "text": "£75.00"
      },
      "saving": {
        "value": 40,
        "currency": "GBP",
        "text": "£40.00"
      }
    },
    "objectId": "2797167",
    "brand": "Dolce & Gabbana",
    "attributes": {
      "fragrance_scent": [
        "sweet",
        "fruity"
      ],
      "gender": "womens",
      "StockOverrideMessage": "STOCK_COMING_SOON",
      "size": "71-100",
      "fragrance_type": "eau de parfum",
      "hasPriceAdvantageDeal": false,
      "ProductReviewFlag": "1"
    },
    "variants": {
      "colours": [],
      "hasColours": false,
      "hasSizes": false
    },
    "categories": [
      [
        {
          "name": "mother's day",
          "label": "mother's day"
        },
        {
          "name": "fragrance",
          "label": "fragrance"
        },
        {
          "name": "gift",
          "label": "gift"
        }
      ],
      [
        {
          "name": "shop all",
          "label": "mother's day > shop all"
        },
        {
          "name": "perfume",
          "label": "fragrance > perfume"
        },
        {
          "name": "fragrance offers",
          "label": "fragrance > fragrance offers"
        },
        {
          "name": "gifts for her",
          "label": "gift > gifts for her"
        },
        {
          "name": "brands",
          "label": "fragrance > brands"
        }
      ],
      [
        {
          "name": "all perfumes",
          "label": "fragrance > perfume > all perfumes"
        },
        {
          "name": "save up to half price",
          "label": "fragrance > fragrance offers > save up to half price"
        },
        {
          "name": "all perfumes",
          "label": "gift > gifts for her > all perfumes"
        }
      ]
    ],
    "reviews": {
      "average": 4.28,
      "count": 214,
      "rounded": 4
    },
    "parent": {
      "product": "2797166",
      "partNumber": "10324591.P",
      "model": "10324591",
      "manufacturerModel": "5302404"
    },
    "images": {
      "thumbnail": "https://boots.scene7.com/is/image/Boots/10324591?wid=45&hei=60&op_sharpen=1"
    },
    "offers": [
      {
        "text": "Save £40 on Q By Dolce and Gabbana Eau de Parfum 100ml"
      }
    ],
    "actions": {},
    "iconUri": "https://boots.scene7.com/is/image/Boots/10324591?op_sharpen=1",
    "title": "Q By Dolce & Gabbana Eau de Parfum 100ml",
    "referenceUri": "/q-by-dolce-gabbana-eau-de-parfum-100ml-10324591",
    "canAddToBasket": "yes",
    "opticians": false,
    "inStock": true,
    "expressDelivery": false,
    "hasOtherPromotion": true,
    "channelPromotionalTextMap": {
      "-1": [
        "Save £40 on Q By Dolce and Gabbana Eau de Parfum 100ml"
      ],
      "-6": [
        "Save £40 on Q By Dolce and Gabbana Eau de Parfum 100ml"
      ]
    },
    "adCardPoints": 225
  },
  {
    "_id": {
      "$oid": "65ec108d9884656b92f556a7"
    },
    "ppuQuantity": "50ML",
    "pricing": {
      "perUnit": "£244.80 per 100ML",
      "regular": {
        "value": 144,
        "currency": "GBP",
        "text": "£144.00"
      },
      "current": {
        "value": 122.4,
        "currency": "GBP",
        "text": "£122.40"
      },
      "saving": {
        "value": 21.6,
        "currency": "GBP",
        "text": "£21.60"
      }
    },
    "objectId": "2870201",
    "brand": "Christian Dior",
    "attributes": {
      "fragrance_scent": "floral",
      "product_type": "body spray",
      "size": "41-50",
      "StockOverrideMessage": "STOCK_COMING_SOON",
      "gender": "womens",
      "fragrance_type": "eau de parfum",
      "format": "spray",
      "hasPriceAdvantageDeal": false,
      "ProductReviewFlag": "1"
    },
    "variants": {
      "colours": [],
      "hasColours": false,
      "hasSizes": false
    },
    "categories": [
      [
        {
          "name": "fragrance",
          "label": "fragrance"
        },
        {
          "name": "gift",
          "label": "gift"
        },
        {
          "name": "new in",
          "label": "new in"
        }
      ],
      [
        {
          "name": "perfume",
          "label": "fragrance > perfume"
        },
        {
          "name": "gifts for her",
          "label": "gift > gifts for her"
        },
        {
          "name": "luxury fragrance",
          "label": "fragrance > luxury fragrance"
        },
        {
          "name": "new in fragrance",
          "label": "fragrance > new in fragrance"
        },
        {
          "name": "brands",
          "label": "fragrance > brands"
        },
        {
          "name": "new in fragrance",
          "label": "new in > new in fragrance"
        }
      ],
      [
        {
          "name": "all perfumes",
          "label": "fragrance > perfume > all perfumes"
        },
        {
          "name": "floral perfume",
          "label": "fragrance > perfume > floral perfume"
        },
        {
          "name": "all perfumes",
          "label": "gift > gifts for her > all perfumes"
        }
      ]
    ],
    "reviews": {
      "average": 4.72,
      "count": 4237,
      "rounded": 4
    },
    "parent": {
      "product": "2870200",
      "partNumber": "10333154.P",
      "model": "10333154",
      "manufacturerModel": "5763061"
    },
    "images": {
      "thumbnail": "https://boots.scene7.com/is/image/Boots/10333154?wid=45&hei=60&op_sharpen=1"
    },
    "offers": [
      {
        "text": "Save up to 20 percent on selected fragrances"
      }
    ],
    "actions": {},
    "iconUri": "https://boots.scene7.com/is/image/Boots/10333154?op_sharpen=1",
    "title": "DIOR J'adore L'Or Essence de Parfum 50ml",
    "referenceUri": "/dior-jadore-lor-essence-de-parfum-50ml-10333154",
    "canAddToBasket": "yes",
    "opticians": false,
    "inStock": true,
    "expressDelivery": false,
    "hasOtherPromotion": true,
    "channelPromotionalTextMap": {
      "-1": [
        "Save up to 20 percent on selected fragrances"
      ],
      "-6": [
        "Save up to 20 percent on selected fragrances"
      ]
    },
    "adCardPoints": 366
  },
  {
    "_id": {
      "$oid": "65ec108d9884656b92f556a8"
    },
    "ppuQuantity": "80ML",
    "pricing": {
      "perUnit": "£170.00 per 100ML",
      "regular": {
        "value": 136,
        "currency": "GBP",
        "text": "£136.00"
      },
      "current": {
        "value": 136,
        "currency": "GBP",
        "text": "£136.00"
      }
    },
    "objectId": "2933137",
    "brand": "Carolina Herrera",
    "attributes": {
      "fragrance_scent": "floral",
      "product_type": "body spray",
      "gender": "womens",
      "StockOverrideMessage": "STOCK_COMING_SOON",
      "fragrance_type": "eau de parfum",
      "hasPriceAdvantageDeal": false,
      "ProductReviewFlag": "1"
    },
    "variants": {
      "colours": [],
      "hasColours": false,
      "hasSizes": false
    },
    "categories": [
      [
        {
          "name": "new in",
          "label": "new in"
        },
        {
          "name": "fragrance",
          "label": "fragrance"
        },
        {
          "name": "gift",
          "label": "gift"
        },
        {
          "name": "mother's day",
          "label": "mother's day"
        }
      ],
      [
        {
          "name": "perfume",
          "label": "fragrance > perfume"
        },
        {
          "name": "gifts for her",
          "label": "gift > gifts for her"
        },
        {
          "name": "luxury fragrance",
          "label": "fragrance > luxury fragrance"
        },
        {
          "name": "new in fragrance",
          "label": "fragrance > new in fragrance"
        },
        {
          "name": "elixir fragrances",
          "label": "fragrance > elixir fragrances"
        },
        {
          "name": "shop all",
          "label": "mother's day > shop all"
        },
        {
          "name": "new in fragrance",
          "label": "new in > new in fragrance"
        },
        {
          "name": "new brands",
          "label": "new in > new brands"
        }
      ],
      [
        {
          "name": "all perfumes",
          "label": "fragrance > perfume > all perfumes"
        },
        {
          "name": "vanilla perfume",
          "label": "fragrance > perfume > vanilla perfume"
        },
        {
          "name": "floral perfume",
          "label": "fragrance > perfume > floral perfume"
        },
        {
          "name": "amber perfume",
          "label": "fragrance > perfume > amber perfume"
        },
        {
          "name": "all perfumes",
          "label": "gift > gifts for her > all perfumes"
        }
      ]
    ],
    "reviews": {
      "average": 4.54,
      "count": 1311,
      "rounded": 4
    },
    "parent": {
      "product": "2933136",
      "partNumber": "10340237.P",
      "model": "10340237",
      "manufacturerModel": "2291878"
    },
    "images": {
      "thumbnail": "https://boots.scene7.com/is/image/Boots/10340237?wid=45&hei=60&op_sharpen=1"
    },
    "offers": [
      {
        "text": "Free gift when you buy selected Carolina Herrera - whilst stocks last"
      }
    ],
    "actions": {},
    "iconUri": "https://boots.scene7.com/is/image/Boots/10340237?op_sharpen=1",
    "title": "Carolina Herrera Good Girl Blush Elixir Eau de Parfum 80ml",
    "referenceUri": "/carolina-herrera-good-girl-blush-elixir-eau-de-parfum-80-ml-10340237",
    "canAddToBasket": "yes",
    "opticians": false,
    "inStock": true,
    "expressDelivery": false,
    "hasOtherPromotion": true,
    "channelPromotionalTextMap": {
      "-1": [
        "Free gift when you buy selected Carolina Herrera - whilst stocks last"
      ],
      "-6": [
        "Free gift when you buy selected Carolina Herrera - whilst stocks last"
      ]
    },
    "adCardPoints": 408
  },
  {
    "_id": {
      "$oid": "65ec108d9884656b92f556a9"
    },
    "ppuQuantity": "100ML",
    "pricing": {
      "perUnit": "£135.00 per 100ML",
      "regular": {
        "value": 150,
        "currency": "GBP",
        "text": "£150.00"
      },
      "current": {
        "value": 135,
        "currency": "GBP",
        "text": "£135.00"
      },
      "saving": {
        "value": 15,
        "currency": "GBP",
        "text": "£15.00"
      }
    },
    "objectId": "2866755",
    "brand": "Tom Ford",
    "attributes": {
      "fragrance_scent": "floral",
      "product_type": "perfume",
      "StockOverrideMessage": "STOCK_COMING_SOON",
      "size": "71-100",
      "gender": "womens",
      "format": "spray",
      "fragrance_type": "eau de parfum",
      "hasPriceAdvantageDeal": false,
      "ProductReviewFlag": "1"
    },
    "variants": {
      "colours": [],
      "hasColours": false,
      "hasSizes": false
    },
    "categories": [
      [
        {
          "name": "new in",
          "label": "new in"
        },
        {
          "name": "fragrance",
          "label": "fragrance"
        },
        {
          "name": "sun & holiday",
          "label": "sun & holiday"
        },
        {
          "name": "gift",
          "label": "gift"
        },
        {
          "name": "mother's day",
          "label": "mother's day"
        }
      ],
      [
        {
          "name": "perfume",
          "label": "fragrance > perfume"
        },
        {
          "name": "fragrance offers",
          "label": "fragrance > fragrance offers"
        },
        {
          "name": "love island",
          "label": "sun & holiday > love island"
        },
        {
          "name": "gifts for her",
          "label": "gift > gifts for her"
        },
        {
          "name": "new in fragrance",
          "label": "fragrance > new in fragrance"
        },
        {
          "name": "brands",
          "label": "fragrance > brands"
        },
        {
          "name": "shop all",
          "label": "mother's day > shop all"
        },
        {
          "name": "new in fragrance",
          "label": "new in > new in fragrance"
        }
      ],
      [
        {
          "name": "all perfumes",
          "label": "fragrance > perfume > all perfumes"
        },
        {
          "name": "floral perfume",
          "label": "fragrance > perfume > floral perfume"
        },
        {
          "name": "save up to half price",
          "label": "fragrance > fragrance offers > save up to half price"
        },
        {
          "name": "save £15",
          "label": "fragrance > fragrance offers > save £15"
        },
        {
          "name": "shop the love island villa",
          "label": "sun & holiday > love island > shop the love island villa"
        },
        {
          "name": "all perfumes",
          "label": "gift > gifts for her > all perfumes"
        }
      ]
    ],
    "reviews": {
      "average": 3.55,
      "count": 11,
      "rounded": 3
    },
    "parent": {
      "product": "2866754",
      "partNumber": "10332606.P",
      "model": "10332606",
      "manufacturerModel": "5753937"
    },
    "images": {
      "thumbnail": "https://boots.scene7.com/is/image/Boots/10332606?wid=45&hei=60&op_sharpen=1"
    },
    "offers": [
      {
        "text": "Save £15 on selected fragrance"
      }
    ],
    "actions": {},
    "iconUri": "https://boots.scene7.com/is/image/Boots/10332606?op_sharpen=1",
    "title": "Tom Ford Cafe Rose Eau de Parfum 100ml",
    "referenceUri": "/tom-ford-cafe-rose-eau-de-parfum-100ml-10332606",
    "canAddToBasket": "yes",
    "opticians": false,
    "inStock": true,
    "expressDelivery": false,
    "hasOtherPromotion": true,
    "channelPromotionalTextMap": {
      "-1": [
        "Save £15 on selected fragrance"
      ],
      "-6": [
        "Save £15 on selected fragrance"
      ]
    },
    "adCardPoints": 405
  },
  {
    "_id": {
      "$oid": "65ec108d9884656b92f556aa"
    },
    "ppuQuantity": "50ML",
    "pricing": {
      "perUnit": "£161.50 per 100ML",
      "regular": {
        "value": 95,
        "currency": "GBP",
        "text": "£95.00"
      },
      "current": {
        "value": 80.75,
        "currency": "GBP",
        "text": "£80.75"
      },
      "saving": {
        "value": 14.25,
        "currency": "GBP",
        "text": "£14.25"
      }
    },
    "objectId": "2921111",
    "brand": "Valentino",
    "attributes": {
      "fragrance_scent": [
        "woody",
        "floral",
        "amber"
      ],
      "product_type": "body spray",
      "gender": "womens",
      "size": "41-50",
      "StockOverrideMessage": "STOCK_COMING_SOON",
      "fragrance_type": "eau de parfum",
      "format": "spray",
      "hasPriceAdvantageDeal": false,
      "ProductReviewFlag": "1"
    },
    "variants": {
      "colours": [],
      "hasColours": false,
      "hasSizes": false
    },
    "categories": [
      [
        {
          "name": "new in",
          "label": "new in"
        },
        {
          "name": "fragrance",
          "label": "fragrance"
        },
        {
          "name": "gift",
          "label": "gift"
        },
        {
          "name": "mother's day",
          "label": "mother's day"
        }
      ],
      [
        {
          "name": "new in fragrance",
          "label": "new in > new in fragrance"
        },
        {
          "name": "perfume",
          "label": "fragrance > perfume"
        },
        {
          "name": "gifts for her",
          "label": "gift > gifts for her"
        },
        {
          "name": "luxury fragrance",
          "label": "fragrance > luxury fragrance"
        },
        {
          "name": "new in fragrance",
          "label": "fragrance > new in fragrance"
        },
        {
          "name": "shop all",
          "label": "mother's day > shop all"
        }
      ],
      [
        {
          "name": "all perfumes",
          "label": "fragrance > perfume > all perfumes"
        },
        {
          "name": "floral perfume",
          "label": "fragrance > perfume > floral perfume"
        },
        {
          "name": "amber perfume",
          "label": "fragrance > perfume > amber perfume"
        },
        {
          "name": "all perfumes",
          "label": "gift > gifts for her > all perfumes"
        }
      ]
    ],
    "reviews": {
      "average": 4.78,
      "count": 847,
      "rounded": 4
    },
    "parent": {
      "product": "2921110",
      "partNumber": "10338787.P",
      "model": "10338787",
      "manufacturerModel": "2002957"
    },
    "images": {
      "thumbnail": "https://boots.scene7.com/is/image/Boots/10338787?wid=45&hei=60&op_sharpen=1"
    },
    "offers": [
      {
        "text": "Save up to 20 percent on selected fragrances"
      }
    ],
    "actions": {},
    "iconUri": "https://boots.scene7.com/is/image/Boots/10338787?op_sharpen=1",
    "title": "Valentino Born In Roma Green Stravaganza Donna 50ml",
    "referenceUri": "/valentino-born-in-roma-green-stravaganza-donna-50ml-10338787",
    "canAddToBasket": "yes",
    "opticians": false,
    "inStock": true,
    "expressDelivery": false,
    "hasOtherPromotion": true,
    "channelPromotionalTextMap": {
      "-1": [
        "Save up to 20 percent on selected fragrances"
      ],
      "-6": [
        "Save up to 20 percent on selected fragrances"
      ]
    },
    "adCardPoints": 240
  },
  {
    "_id": {
      "$oid": "65ec108d9884656b92f556ab"
    },
    "ppuQuantity": "50ML",
    "pricing": {
      "perUnit": "£48.00 per 100ML",
      "regular": {
        "value": 66,
        "currency": "GBP",
        "text": "£66.00"
      },
      "current": {
        "value": 24,
        "currency": "GBP",
        "text": "£24.00"
      },
      "saving": {
        "value": 42,
        "currency": "GBP",
        "text": "£42.00"
      }
    },
    "objectId": "868170",
    "brand": "Versace",
    "attributes": {
      "fragrance_scent": [
        "floral",
        "fruity",
        "woody"
      ],
      "StockOverrideMessage": "SOLD_OUT",
      "size": "41-50",
      "gender": "womens",
      "parentCategory_UK": "33071",
      "fragrance_type": "eau de parfum",
      "recipient": "gifts for women",
      "hasPriceAdvantageDeal": false,
      "Reporting_Category": "fragrance",
      "gift_type": "fragrance gifts",
      "ProductReviewFlag": "1"
    },
    "variants": {
      "colours": [],
      "hasColours": false,
      "hasSizes": false
    },
    "categories": [
      [
        {
          "name": "gift",
          "label": "gift"
        },
        {
          "name": "fragrance",
          "label": "fragrance"
        }
      ],
      [
        {
          "name": "all gifts",
          "label": "gift > all gifts"
        },
        {
          "name": "perfume",
          "label": "fragrance > perfume"
        },
        {
          "name": "fragrance offers",
          "label": "fragrance > fragrance offers"
        },
        {
          "name": "gifts for her",
          "label": "gift > gifts for her"
        },
        {
          "name": "5* rated perfumes & aftershaves",
          "label": "fragrance > 5* rated perfumes & aftershaves"
        }
      ],
      [
        {
          "name": "all perfumes",
          "label": "fragrance > perfume > all perfumes"
        },
        {
          "name": "floral perfume",
          "label": "fragrance > perfume > floral perfume"
        },
        {
          "name": "everyday low prices",
          "label": "fragrance > fragrance offers > everyday low prices"
        },
        {
          "name": "all perfumes",
          "label": "gift > gifts for her > all perfumes"
        }
      ]
    ],
    "reviews": {
      "average": 4.48,
      "count": 425,
      "rounded": 4
    },
    "parent": {
      "product": "868169",
      "partNumber": "10084774.P",
      "model": "10084774",
      "manufacturerModel": "2424487"
    },
    "images": {
      "thumbnail": "https://boots.scene7.com/is/image/Boots/10084774?wid=45&hei=60&op_sharpen=1"
    },
    "offers": [
      {
        "text": "Save up to 1/2 price on selected fragrances"
      }
    ],
    "actions": {},
    "iconUri": "https://boots.scene7.com/is/image/Boots/10084774?op_sharpen=1",
    "title": "Versace Woman Eau de Parfum 50ml",
    "referenceUri": "/versace-woman-eau-de-parfum-50ml-10084774",
    "canAddToBasket": "yes",
    "opticians": false,
    "inStock": true,
    "expressDelivery": false,
    "hasOtherPromotion": true,
    "channelPromotionalTextMap": {
      "-1": [
        "Save up to 1/2 price on selected fragrances"
      ],
      "-6": [
        "Save up to 1/2 price on selected fragrances"
      ]
    },
    "adCardPoints": 72
  },
  {
    "_id": {
      "$oid": "65ec108d9884656b92f556ac"
    },
    "ppuQuantity": "50ML",
    "pricing": {
      "perUnit": "£142.00 per 100ML",
      "regular": {
        "value": 86,
        "currency": "GBP",
        "text": "£86.00"
      },
      "current": {
        "value": 71,
        "currency": "GBP",
        "text": "£71.00"
      },
      "saving": {
        "value": 15,
        "currency": "GBP",
        "text": "£15.00"
      }
    },
    "objectId": "2177031",
    "brand": "Givenchy",
    "attributes": {
      "fragrance_scent": [
        "floral",
        "woody",
        "amber"
      ],
      "gender": "womens",
      "StockOverrideMessage": "STOCK_COMING_SOON",
      "size": "41-50",
      "fragrance_type": "eau de parfum",
      "hasPriceAdvantageDeal": false,
      "Reporting_Category": "fragrance",
      "gift_type": "fragrance gifts",
      "ProductReviewFlag": "1"
    },
    "variants": {
      "colours": [],
      "hasColours": false,
      "hasSizes": false
    },
    "categories": [
      [
        {
          "name": "mother's day",
          "label": "mother's day"
        },
        {
          "name": "fragrance",
          "label": "fragrance"
        },
        {
          "name": "gift",
          "label": "gift"
        },
        {
          "name": "beauty & skincare",
          "label": "beauty & skincare"
        }
      ],
      [
        {
          "name": "shop all",
          "label": "mother's day > shop all"
        },
        {
          "name": "perfume",
          "label": "fragrance > perfume"
        },
        {
          "name": "fragrance offers",
          "label": "fragrance > fragrance offers"
        },
        {
          "name": "recommended",
          "label": "fragrance > recommended"
        },
        {
          "name": "gifts for her",
          "label": "gift > gifts for her"
        },
        {
          "name": "trending on social",
          "label": "beauty & skincare > trending on social"
        },
        {
          "name": "luxury fragrance",
          "label": "fragrance > luxury fragrance"
        }
      ],
      [
        {
          "name": "all perfumes",
          "label": "fragrance > perfume > all perfumes"
        },
        {
          "name": "floral perfume",
          "label": "fragrance > perfume > floral perfume"
        },
        {
          "name": "amber perfume",
          "label": "fragrance > perfume > amber perfume"
        },
        {
          "name": "save up to half price",
          "label": "fragrance > fragrance offers > save up to half price"
        },
        {
          "name": "save 15 pounds",
          "label": "fragrance > fragrance offers > save 15 pounds"
        },
        {
          "name": "Save 15% on 100s of fragrances",
          "label": "fragrance > fragrance offers > Save 15% on 100s of fragrances"
        },
        {
          "name": "save £15",
          "label": "fragrance > fragrance offers > save £15"
        },
        {
          "name": "trending fragrance",
          "label": "fragrance > recommended > trending fragrance"
        },
        {
          "name": "all perfumes",
          "label": "gift > gifts for her > all perfumes"
        }
      ]
    ],
    "reviews": {
      "average": 4.47,
      "count": 1939,
      "rounded": 4
    },
    "parent": {
      "product": "2177030",
      "partNumber": "10255426.P",
      "model": "10255426",
      "manufacturerModel": "8309507"
    },
    "images": {
      "thumbnail": "https://boots.scene7.com/is/image/Boots/10255426?wid=45&hei=60&op_sharpen=1"
    },
    "offers": [
      {
        "text": "Save £15 on selected fragrance"
      },
      {
        "text": "Free gift when you buy selected Givenchy - whilst stocks last"
      }
    ],
    "actions": {},
    "iconUri": "https://boots.scene7.com/is/image/Boots/10255426?op_sharpen=1",
    "title": "Givenchy L'Interdit Eau de Parfum 50ml",
    "referenceUri": "/givenchy-linterdit-eau-de-parfum-50ml-10255426",
    "canAddToBasket": "yes",
    "opticians": false,
    "inStock": true,
    "expressDelivery": false,
    "hasOtherPromotion": true,
    "channelPromotionalTextMap": {
      "-1": [
        "Save £15 on selected fragrance",
        "Free gift when you buy selected Givenchy - whilst stocks last"
      ],
      "-6": [
        "Save £15 on selected fragrance",
        "Free gift when you buy selected Givenchy - whilst stocks last"
      ]
    },
    "adCardPoints": 213
  },
  {
    "_id": {
      "$oid": "65ec108d9884656b92f556ad"
    },
    "ppuQuantity": "50ML",
    "pricing": {
      "perUnit": "£154.00 per 100ML",
      "regular": {
        "value": 92,
        "currency": "GBP",
        "text": "£92.00"
      },
      "current": {
        "value": 77,
        "currency": "GBP",
        "text": "£77.00"
      },
      "saving": {
        "value": 15,
        "currency": "GBP",
        "text": "£15.00"
      }
    },
    "objectId": "1507860",
    "brand": "Yves Saint Laurent",
    "attributes": {
      "fragrance_scent": [
        "coffee",
        "vanilla",
        "floral"
      ],
      "StockOverrideMessage": "STOCK_COMING_SOON",
      "gender": "womens",
      "size": "41-50",
      "parentCategory_UK": "33071",
      "fragrance_type": "eau de parfum",
      "format": "spray",
      "recipient": "gifts for women",
      "hasPriceAdvantageDeal": false,
      "Reporting_Category": "fragrance",
      "gift_type": "fragrance gifts",
      "ProductReviewFlag": "1"
    },
    "variants": {
      "colours": [],
      "hasColours": false,
      "hasSizes": false
    },
    "categories": [
      [
        {
          "name": "mother's day",
          "label": "mother's day"
        },
        {
          "name": "fragrance",
          "label": "fragrance"
        },
        {
          "name": "gift",
          "label": "gift"
        }
      ],
      [
        {
          "name": "shop all",
          "label": "mother's day > shop all"
        },
        {
          "name": "perfume",
          "label": "fragrance > perfume"
        },
        {
          "name": "fragrance offers",
          "label": "fragrance > fragrance offers"
        },
        {
          "name": "recommended",
          "label": "fragrance > recommended"
        },
        {
          "name": "gifts for her",
          "label": "gift > gifts for her"
        },
        {
          "name": "luxury fragrance",
          "label": "fragrance > luxury fragrance"
        },
        {
          "name": "5* rated perfumes & aftershaves",
          "label": "fragrance > 5* rated perfumes & aftershaves"
        },
        {
          "name": "all gifts",
          "label": "gift > all gifts"
        }
      ],
      [
        {
          "name": "all perfumes",
          "label": "fragrance > perfume > all perfumes"
        },
        {
          "name": "vanilla perfume",
          "label": "fragrance > perfume > vanilla perfume"
        },
        {
          "name": "floral perfume",
          "label": "fragrance > perfume > floral perfume"
        },
        {
          "name": "save up to half price",
          "label": "fragrance > fragrance offers > save up to half price"
        },
        {
          "name": "save 15 pounds",
          "label": "fragrance > fragrance offers > save 15 pounds"
        },
        {
          "name": "save up to 60 percent",
          "label": "fragrance > fragrance offers > save up to 60 percent"
        },
        {
          "name": "Triple points on top scents",
          "label": "fragrance > fragrance offers > Triple points on top scents"
        },
        {
          "name": "Collect £10 worth of points when you spend £60",
          "label": "fragrance > fragrance offers > Collect £10 worth of points when you spend £60"
        },
        {
          "name": "personalise your perfect gift",
          "label": "fragrance > fragrance offers > personalise your perfect gift"
        },
        {
          "name": "Save 15% on 100s of fragrances",
          "label": "fragrance > fragrance offers > Save 15% on 100s of fragrances"
        },
        {
          "name": "save £15",
          "label": "fragrance > fragrance offers > save £15"
        },
        {
          "name": "best floral perfumes",
          "label": "fragrance > recommended > best floral perfumes"
        },
        {
          "name": "all perfumes",
          "label": "gift > gifts for her > all perfumes"
        }
      ]
    ],
    "reviews": {
      "average": 4.82,
      "count": 17544,
      "rounded": 4
    },
    "parent": {
      "product": "1507859",
      "partNumber": "10180311.P",
      "model": "10180311",
      "manufacturerModel": "6029078"
    },
    "images": {
      "thumbnail": "https://boots.scene7.com/is/image/Boots/10180311?wid=45&hei=60&op_sharpen=1"
    },
    "offers": [
      {
        "text": "Save £15 on selected fragrance"
      }
    ],
    "actions": {},
    "iconUri": "https://boots.scene7.com/is/image/Boots/10180311?op_sharpen=1",
    "title": "YSL Black Opium Eau de Parfum 50ml",
    "referenceUri": "/yves-saint-laurent-black-opium-eau-de-parfum-50ml-10180311",
    "canAddToBasket": "yes",
    "opticians": false,
    "inStock": true,
    "expressDelivery": false,
    "hasOtherPromotion": true,
    "channelPromotionalTextMap": {
      "-1": [
        "Save £15 on selected fragrance"
      ],
      "-6": [
        "Save £15 on selected fragrance"
      ]
    },
    "adCardPoints": 231
  },
  {
    "_id": {
      "$oid": "65ec108d9884656b92f556ae"
    },
    "ppuQuantity": "75ML",
    "pricing": {
      "perUnit": "£84.27 per 100ML",
      "regular": {
        "value": 79,
        "currency": "GBP",
        "text": "£79.00"
      },
      "current": {
        "value": 63.2,
        "currency": "GBP",
        "text": "£63.20"
      },
      "saving": {
        "value": 15.8,
        "currency": "GBP",
        "text": "£15.80"
      }
    },
    "objectId": "2929113",
    "brand": "Marc Jacobs",
    "attributes": {
      "fragrance_scent": "fruity",
      "product_type": "body spray",
      "gender": "womens",
      "StockOverrideMessage": "STOCK_COMING_SOON",
      "size": "71-100",
      "fragrance_type": "eau de toilette",
      "format": "spray",
      "hasPriceAdvantageDeal": false,
      "ProductReviewFlag": "1"
    },
    "variants": {
      "colours": [],
      "hasColours": false,
      "hasSizes": false
    },
    "categories": [
      [
        {
          "name": "new in",
          "label": "new in"
        },
        {
          "name": "fragrance",
          "label": "fragrance"
        },
        {
          "name": "gift",
          "label": "gift"
        },
        {
          "name": "mother's day",
          "label": "mother's day"
        }
      ],
      [
        {
          "name": "new in fragrance",
          "label": "new in > new in fragrance"
        },
        {
          "name": "perfume",
          "label": "fragrance > perfume"
        },
        {
          "name": "gifts for her",
          "label": "gift > gifts for her"
        },
        {
          "name": "luxury fragrance",
          "label": "fragrance > luxury fragrance"
        },
        {
          "name": "new in fragrance",
          "label": "fragrance > new in fragrance"
        },
        {
          "name": "shop all",
          "label": "mother's day > shop all"
        }
      ],
      [
        {
          "name": "all perfumes",
          "label": "fragrance > perfume > all perfumes"
        },
        {
          "name": "all perfumes",
          "label": "gift > gifts for her > all perfumes"
        }
      ]
    ],
    "reviews": {
      "average": 4.68,
      "count": 328,
      "rounded": 4
    },
    "parent": {
      "product": "2929112",
      "partNumber": "10339719.P",
      "model": "10339719",
      "manufacturerModel": "2218380"
    },
    "images": {
      "thumbnail": "https://boots.scene7.com/is/image/Boots/10339719?wid=45&hei=60&op_sharpen=1"
    },
    "offers": [
      {
        "text": "Save up to 20 percent on selected fragrances"
      }
    ],
    "actions": {},
    "iconUri": "https://boots.scene7.com/is/image/Boots/10339719?op_sharpen=1",
    "title": "Marc Jacobs Daisy Eau So Fresh Pop for Women 75ml",
    "referenceUri": "/marc-jacobs-daisy-eau-so-fresh-pop-for-women-75ml-10339719",
    "canAddToBasket": "yes",
    "opticians": false,
    "inStock": true,
    "expressDelivery": false,
    "hasOtherPromotion": true,
    "channelPromotionalTextMap": {
      "-1": [
        "Save up to 20 percent on selected fragrances"
      ],
      "-6": [
        "Save up to 20 percent on selected fragrances"
      ]
    },
    "adCardPoints": 189
  },
  {
    "_id": {
      "$oid": "65ec108d9884656b92f556af"
    },
    "ppuQuantity": "75ML",
    "pricing": {
      "perUnit": "£113.33 per 100ML",
      "regular": {
        "value": 85,
        "currency": "GBP",
        "text": "£85.00"
      },
      "current": {
        "value": 85,
        "currency": "GBP",
        "text": "£85.00"
      }
    },
    "objectId": "3889",
    "brand": "Estee Lauder",
    "attributes": {
      "fragrance_scent": [
        "jasmine",
        "floral",
        "woody"
      ],
      "StockOverrideMessage": "STOCK_COMING_SOON",
      "size": "71-100",
      "gender": "womens",
      "parentCategory_UK": "33071",
      "fragrance_type": "eau de parfum",
      "hasPriceAdvantageDeal": false,
      "Reporting_Category": "fragrance",
      "gift_type": "fragrance gifts",
      "ProductReviewFlag": "1"
    },
    "variants": {
      "colours": [],
      "hasColours": false,
      "hasSizes": false
    },
    "categories": [
      [
        {
          "name": "mother's day",
          "label": "mother's day"
        },
        {
          "name": "fragrance",
          "label": "fragrance"
        },
        {
          "name": "gift",
          "label": "gift"
        }
      ],
      [
        {
          "name": "shop all",
          "label": "mother's day > shop all"
        },
        {
          "name": "perfume",
          "label": "fragrance > perfume"
        },
        {
          "name": "gifts for her",
          "label": "gift > gifts for her"
        }
      ],
      [
        {
          "name": "all perfumes",
          "label": "fragrance > perfume > all perfumes"
        },
        {
          "name": "floral perfume",
          "label": "fragrance > perfume > floral perfume"
        },
        {
          "name": "all perfumes",
          "label": "gift > gifts for her > all perfumes"
        }
      ]
    ],
    "reviews": {
      "average": 4.67,
      "count": 1008,
      "rounded": 4
    },
    "parent": {
      "product": "3888",
      "partNumber": "10013616.P",
      "model": "10013616",
      "manufacturerModel": "1918664"
    },
    "images": {
      "thumbnail": "https://boots.scene7.com/is/image/Boots/10013616?wid=45&hei=60&op_sharpen=1"
    },
    "offers": [],
    "actions": {},
    "iconUri": "https://boots.scene7.com/is/image/Boots/10013616?op_sharpen=1",
    "title": "Estée Lauder Beautiful Eau de Parfum 75ml",
    "referenceUri": "/estee-lauder-beautiful-eau-de-parfum-spray-75ml-10013616",
    "canAddToBasket": "yes",
    "opticians": false,
    "inStock": true,
    "expressDelivery": false,
    "hasOtherPromotion": false,
    "channelPromotionalTextMap": {
      "-1": [],
      "-6": []
    },
    "adCardPoints": 255
  },
  {
    "_id": {
      "$oid": "65ec108d9884656b92f556b0"
    },
    "ppuQuantity": "50ML",
    "pricing": {
      "perUnit": "£154.00 per 100ML",
      "regular": {
        "value": 92,
        "currency": "GBP",
        "text": "£92.00"
      },
      "current": {
        "value": 77,
        "currency": "GBP",
        "text": "£77.00"
      },
      "saving": {
        "value": 15,
        "currency": "GBP",
        "text": "£15.00"
      }
    },
    "objectId": "1276739",
    "brand": "Lancome",
    "attributes": {
      "fragrance_scent": [
        "fruity",
        "floral"
      ],
      "StockOverrideMessage": "STOCK_COMING_SOON",
      "gender": "womens",
      "size": "41-50",
      "Size": "50ml",
      "parentCategory_UK": "33071",
      "fragrance_type": "eau de parfum",
      "recipient": "gifts for women",
      "hasPriceAdvantageDeal": false,
      "Reporting_Category": "fragrance",
      "gift_type": "fragrance gifts",
      "ProductReviewFlag": "1"
    },
    "variants": {
      "colours": [],
      "hasColours": false,
      "hasSizes": false
    },
    "categories": [
      [
        {
          "name": "mother's day",
          "label": "mother's day"
        },
        {
          "name": "fragrance",
          "label": "fragrance"
        },
        {
          "name": "gift",
          "label": "gift"
        }
      ],
      [
        {
          "name": "shop all",
          "label": "mother's day > shop all"
        },
        {
          "name": "perfume",
          "label": "fragrance > perfume"
        },
        {
          "name": "fragrance offers",
          "label": "fragrance > fragrance offers"
        },
        {
          "name": "recommended",
          "label": "fragrance > recommended"
        },
        {
          "name": "gifts for her",
          "label": "gift > gifts for her"
        },
        {
          "name": "gift by occasion",
          "label": "gift > gift by occasion"
        },
        {
          "name": "all gifts",
          "label": "gift > all gifts"
        }
      ],
      [
        {
          "name": "all perfumes",
          "label": "fragrance > perfume > all perfumes"
        },
        {
          "name": "floral perfume",
          "label": "fragrance > perfume > floral perfume"
        },
        {
          "name": "save up to half price",
          "label": "fragrance > fragrance offers > save up to half price"
        },
        {
          "name": "save 15 pounds",
          "label": "fragrance > fragrance offers > save 15 pounds"
        },
        {
          "name": "save up to 60 percent",
          "label": "fragrance > fragrance offers > save up to 60 percent"
        },
        {
          "name": "Triple points on top scents",
          "label": "fragrance > fragrance offers > Triple points on top scents"
        },
        {
          "name": "personalise your perfect gift",
          "label": "fragrance > fragrance offers > personalise your perfect gift"
        },
        {
          "name": "Save 15% on 100s of fragrances",
          "label": "fragrance > fragrance offers > Save 15% on 100s of fragrances"
        },
        {
          "name": "save £15",
          "label": "fragrance > fragrance offers > save £15"
        },
        {
          "name": "best floral perfumes",
          "label": "fragrance > recommended > best floral perfumes"
        },
        {
          "name": "all perfumes",
          "label": "gift > gifts for her > all perfumes"
        },
        {
          "name": "wedding gifts",
          "label": "gift > gift by occasion > wedding gifts"
        }
      ]
    ],
    "reviews": {
      "average": 4.74,
      "count": 12306,
      "rounded": 4
    },
    "parent": {
      "product": "1276738",
      "partNumber": "10145849.P",
      "model": "10145849",
      "manufacturerModel": "7824386"
    },
    "images": {
      "thumbnail": "https://boots.scene7.com/is/image/Boots/10145849?wid=45&hei=60&op_sharpen=1"
    },
    "offers": [
      {
        "text": "Save £15 on selected fragrance"
      },
      {
        "text": "Free gift when you buy 3 selected Lancome Products, 1 to be Skincare - whilst stocks last"
      },
      {
        "text": "Free gift when you buy selected Lancome - whilst stocks last"
      }
    ],
    "actions": {},
    "iconUri": "https://boots.scene7.com/is/image/Boots/10145849?op_sharpen=1",
    "title": "Lancôme La Vie Est Belle Eau de Parfum 50ml",
    "referenceUri": "/lancome-la-vie-est-belle-eau-de-parfum-50ml-10145849",
    "canAddToBasket": "yes",
    "opticians": false,
    "inStock": true,
    "expressDelivery": false,
    "hasOtherPromotion": true,
    "channelPromotionalTextMap": {
      "-1": [
        "Save £15 on selected fragrance",
        "Free gift when you buy 3 selected Lancome Products, 1 to be Skincare - whilst stocks last",
        "Free gift when you buy selected Lancome - whilst stocks last"
      ],
      "-6": [
        "Save £15 on selected fragrance",
        "Free gift when you buy 3 selected Lancome Products, 1 to be Skincare - whilst stocks last",
        "Free gift when you buy selected Lancome - whilst stocks last"
      ]
    },
    "adCardPoints": 231
  },
  {
    "_id": {
      "$oid": "65ec108d9884656b92f556b1"
    },
    "ppuQuantity": "50ML",
    "pricing": {
      "perUnit": "£113.98 per 100ML",
      "regular": {
        "value": 85.5,
        "currency": "GBP",
        "text": "£85.50"
      },
      "current": {
        "value": 56.99,
        "currency": "GBP",
        "text": "£56.99"
      },
      "saving": {
        "value": 28.51,
        "currency": "GBP",
        "text": "£28.51"
      }
    },
    "objectId": "2687633",
    "brand": "Paco Rabanne",
    "attributes": {
      "fragrance_scent": "floral",
      "gender": "womens",
      "StockOverrideMessage": "STOCK_COMING_SOON",
      "fragrance_type": "eau de parfum",
      "hasPriceAdvantageDeal": false,
      "Reporting_Category": "fragrance",
      "ProductReviewFlag": "1"
    },
    "variants": {
      "colours": [],
      "hasColours": false,
      "hasSizes": false
    },
    "categories": [
      [
        {
          "name": "mother's day",
          "label": "mother's day"
        },
        {
          "name": "fragrance",
          "label": "fragrance"
        },
        {
          "name": "gift",
          "label": "gift"
        }
      ],
      [
        {
          "name": "shop all",
          "label": "mother's day > shop all"
        },
        {
          "name": "perfume",
          "label": "fragrance > perfume"
        },
        {
          "name": "fragrance offers",
          "label": "fragrance > fragrance offers"
        },
        {
          "name": "gifts for her",
          "label": "gift > gifts for her"
        },
        {
          "name": "luxury fragrance",
          "label": "fragrance > luxury fragrance"
        },
        {
          "name": "5* rated perfumes & aftershaves",
          "label": "fragrance > 5* rated perfumes & aftershaves"
        }
      ],
      [
        {
          "name": "all perfumes",
          "label": "fragrance > perfume > all perfumes"
        },
        {
          "name": "floral perfume",
          "label": "fragrance > perfume > floral perfume"
        },
        {
          "name": "save up to half price",
          "label": "fragrance > fragrance offers > save up to half price"
        },
        {
          "name": "all perfumes",
          "label": "gift > gifts for her > all perfumes"
        }
      ]
    ],
    "reviews": {
      "average": 4.81,
      "count": 452,
      "rounded": 4
    },
    "parent": {
      "product": "2687632",
      "partNumber": "10313483.P",
      "model": "10313483",
      "manufacturerModel": "3096912"
    },
    "images": {
      "thumbnail": "https://boots.scene7.com/is/image/Boots/10313483?wid=45&hei=60&op_sharpen=1"
    },
    "offers": [
      {
        "text": "Save up to 1/2 price on selected fragrances"
      }
    ],
    "actions": {},
    "iconUri": "https://boots.scene7.com/is/image/Boots/10313483?op_sharpen=1",
    "title": "Rabanne Olympea Solar Eau De Parfum Intense 50ml",
    "referenceUri": "/paco-rabanne-olympea-eau-de-parfum-intense-50ml-10313483",
    "canAddToBasket": "yes",
    "opticians": false,
    "inStock": true,
    "expressDelivery": false,
    "hasOtherPromotion": true,
    "channelPromotionalTextMap": {
      "-1": [
        "Save up to 1/2 price on selected fragrances"
      ],
      "-6": [
        "Save up to 1/2 price on selected fragrances"
      ]
    },
    "adCardPoints": 168
  },
  {
    "_id": {
      "$oid": "65ec108d9884656b92f556b2"
    },
    "ppuQuantity": "50ML",
    "pricing": {
      "perUnit": "£64.00 per 100ML",
      "regular": {
        "value": 60,
        "currency": "GBP",
        "text": "£60.00"
      },
      "current": {
        "value": 32,
        "currency": "GBP",
        "text": "£32.00"
      },
      "saving": {
        "value": 28,
        "currency": "GBP",
        "text": "£28.00"
      }
    },
    "objectId": "49420",
    "brand": "Emporio Armani",
    "attributes": {
      "fragrance_scent": [
        "fruity",
        "vanilla",
        "amber"
      ],
      "product_type": "gift set",
      "gender": "womens",
      "StockOverrideMessage": "STOCK_COMING_SOON",
      "size": "41-50",
      "parentCategory_UK": "33071",
      "fragrance_type": "eau de parfum",
      "recipient": "gifts for women",
      "hasPriceAdvantageDeal": false,
      "Reporting_Category": "fragrance",
      "gift_type": [
        "fragrance gift sets",
        "fragrance gifts"
      ],
      "ProductReviewFlag": "1"
    },
    "variants": {
      "colours": [],
      "hasColours": false,
      "hasSizes": false
    },
    "categories": [
      [
        {
          "name": "mother's day",
          "label": "mother's day"
        },
        {
          "name": "fragrance",
          "label": "fragrance"
        },
        {
          "name": "gift",
          "label": "gift"
        }
      ],
      [
        {
          "name": "shop all",
          "label": "mother's day > shop all"
        },
        {
          "name": "perfume",
          "label": "fragrance > perfume"
        },
        {
          "name": "fragrance offers",
          "label": "fragrance > fragrance offers"
        },
        {
          "name": "gifts for her",
          "label": "gift > gifts for her"
        },
        {
          "name": "Eid gifts",
          "label": "gift > Eid gifts"
        },
        {
          "name": "all gifts",
          "label": "gift > all gifts"
        }
      ],
      [
        {
          "name": "all perfumes",
          "label": "fragrance > perfume > all perfumes"
        },
        {
          "name": "vanilla perfume",
          "label": "fragrance > perfume > vanilla perfume"
        },
        {
          "name": "amber perfume",
          "label": "fragrance > perfume > amber perfume"
        },
        {
          "name": "save up to half price",
          "label": "fragrance > fragrance offers > save up to half price"
        },
        {
          "name": "save up to 60 percent",
          "label": "fragrance > fragrance offers > save up to 60 percent"
        },
        {
          "name": "all perfumes",
          "label": "gift > gifts for her > all perfumes"
        }
      ]
    ],
    "reviews": {
      "average": 4.73,
      "count": 404,
      "rounded": 4
    },
    "parent": {
      "product": "49419",
      "partNumber": "10070841.P",
      "model": "10070841",
      "manufacturerModel": "3232999"
    },
    "images": {
      "thumbnail": "https://boots.scene7.com/is/image/Boots/10070841?wid=45&hei=60&op_sharpen=1"
    },
    "offers": [
      {
        "text": "Save £28 on Emporio Armani Diamonds Eau de Parfum 50ml - online only"
      }
    ],
    "actions": {},
    "iconUri": "https://boots.scene7.com/is/image/Boots/10070841?op_sharpen=1",
    "title": "Emporio Armani Diamonds Eau de Parfum 50ml",
    "referenceUri": "/emporio-armani-diamonds-eau-de-parfum-50ml-10070841",
    "canAddToBasket": "yes",
    "opticians": false,
    "inStock": true,
    "expressDelivery": false,
    "hasOtherPromotion": true,
    "channelPromotionalTextMap": {
      "-1": [
        "Save £28 on Emporio Armani Diamonds Eau de Parfum 50ml - online only"
      ],
      "-6": [
        "Save £28 on Emporio Armani Diamonds Eau de Parfum 50ml - online only"
      ]
    },
    "adCardPoints": 96
  },
  {
    "_id": {
      "$oid": "65ec108d9884656b92f556b3"
    },
    "ppuQuantity": "90ML",
    "pricing": {
      "perUnit": "£127.50 per 100ML",
      "regular": {
        "value": 135,
        "currency": "GBP",
        "text": "£135.00"
      },
      "current": {
        "value": 114.75,
        "currency": "GBP",
        "text": "£114.75"
      },
      "saving": {
        "value": 20.25,
        "currency": "GBP",
        "text": "£20.25"
      }
    },
    "objectId": "2314567",
    "brand": "Yves Saint Laurent",
    "attributes": {
      "fragrance_scent": [
        "amber",
        "floral"
      ],
      "gender": "womens",
      "StockOverrideMessage": "STOCK_COMING_SOON",
      "size": "71-100",
      "fragrance_type": "eau de parfum",
      "format": "spray",
      "recipient": "gifts for women",
      "hasPriceAdvantageDeal": false,
      "Reporting_Category": "fragrance",
      "gift_type": "fragrance gifts",
      "ProductReviewFlag": "1"
    },
    "variants": {
      "colours": [],
      "hasColours": false,
      "hasSizes": false
    },
    "categories": [
      [
        {
          "name": "mother's day",
          "label": "mother's day"
        },
        {
          "name": "fragrance",
          "label": "fragrance"
        },
        {
          "name": "gift",
          "label": "gift"
        }
      ],
      [
        {
          "name": "shop all",
          "label": "mother's day > shop all"
        },
        {
          "name": "perfume",
          "label": "fragrance > perfume"
        },
        {
          "name": "fragrance offers",
          "label": "fragrance > fragrance offers"
        },
        {
          "name": "recommended",
          "label": "fragrance > recommended"
        },
        {
          "name": "gifts for her",
          "label": "gift > gifts for her"
        }
      ],
      [
        {
          "name": "all perfumes",
          "label": "fragrance > perfume > all perfumes"
        },
        {
          "name": "floral perfume",
          "label": "fragrance > perfume > floral perfume"
        },
        {
          "name": "amber perfume",
          "label": "fragrance > perfume > amber perfume"
        },
        {
          "name": "personalise your perfect gift",
          "label": "fragrance > fragrance offers > personalise your perfect gift"
        },
        {
          "name": "Save 15% on 100s of fragrances",
          "label": "fragrance > fragrance offers > Save 15% on 100s of fragrances"
        },
        {
          "name": "trending fragrance",
          "label": "fragrance > recommended > trending fragrance"
        },
        {
          "name": "all perfumes",
          "label": "gift > gifts for her > all perfumes"
        }
      ]
    ],
    "reviews": {
      "average": 4.77,
      "count": 11837,
      "rounded": 4
    },
    "parent": {
      "product": "2314566",
      "partNumber": "10269825.P",
      "model": "10269825",
      "manufacturerModel": "8600325"
    },
    "images": {
      "thumbnail": "https://boots.scene7.com/is/image/Boots/10269825?wid=45&hei=60&op_sharpen=1"
    },
    "offers": [
      {
        "text": "Save up to 20 percent on selected fragrances"
      }
    ],
    "actions": {},
    "iconUri": "https://boots.scene7.com/is/image/Boots/10269825?op_sharpen=1",
    "title": "YSL Libre Eau de Parfum 90ml",
    "referenceUri": "/ysl-libre-90ml-10269825",
    "canAddToBasket": "yes",
    "opticians": false,
    "inStock": true,
    "expressDelivery": false,
    "hasOtherPromotion": true,
    "channelPromotionalTextMap": {
      "-1": [
        "Save up to 20 percent on selected fragrances"
      ],
      "-6": [
        "Save up to 20 percent on selected fragrances"
      ]
    },
    "adCardPoints": 342
  },
  {
    "_id": {
      "$oid": "65ec108d9884656b92f556b4"
    },
    "ppuQuantity": "50ML",
    "pricing": {
      "perUnit": "£200.00 per 100ML",
      "regular": {
        "value": 125,
        "currency": "GBP",
        "text": "£125.00"
      },
      "current": {
        "value": 100,
        "currency": "GBP",
        "text": "£100.00"
      },
      "saving": {
        "value": 25,
        "currency": "GBP",
        "text": "£25.00"
      }
    },
    "objectId": "2929117",
    "brand": "Hugo Boss",
    "attributes": {
      "fragrance_scent": "amber",
      "product_type": "body spray",
      "gender": "womens",
      "size": "41-50",
      "StockOverrideMessage": "STOCK_COMING_SOON",
      "fragrance_type": "parfum",
      "format": "spray",
      "hasPriceAdvantageDeal": false,
      "ProductReviewFlag": "1"
    },
    "variants": {
      "colours": [],
      "hasColours": false,
      "hasSizes": false
    },
    "categories": [
      [
        {
          "name": "fragrance",
          "label": "fragrance"
        },
        {
          "name": "gift",
          "label": "gift"
        },
        {
          "name": "new in",
          "label": "new in"
        }
      ],
      [
        {
          "name": "perfume",
          "label": "fragrance > perfume"
        },
        {
          "name": "gifts for her",
          "label": "gift > gifts for her"
        },
        {
          "name": "luxury fragrance",
          "label": "fragrance > luxury fragrance"
        },
        {
          "name": "new in fragrance",
          "label": "fragrance > new in fragrance"
        },
        {
          "name": "elixir fragrances",
          "label": "fragrance > elixir fragrances"
        },
        {
          "name": "new in fragrance",
          "label": "new in > new in fragrance"
        }
      ],
      [
        {
          "name": "solid perfume",
          "label": "fragrance > perfume > solid perfume"
        },
        {
          "name": "all perfumes",
          "label": "fragrance > perfume > all perfumes"
        },
        {
          "name": "amber perfume",
          "label": "fragrance > perfume > amber perfume"
        },
        {
          "name": "all perfumes",
          "label": "gift > gifts for her > all perfumes"
        }
      ]
    ],
    "reviews": {
      "average": 4.74,
      "count": 141,
      "rounded": 4
    },
    "parent": {
      "product": "2929116",
      "partNumber": "10339721.P",
      "model": "10339721",
      "manufacturerModel": "2218526"
    },
    "images": {
      "thumbnail": "https://boots.scene7.com/is/image/Boots/10339721?wid=45&hei=60&op_sharpen=1"
    },
    "offers": [
      {
        "text": "Free gift when you buy selected Hugo Boss fragrance - online only, whilst stocks last"
      },
      {
        "text": "Save up to 20 percent on selected fragrances"
      }
    ],
    "actions": {},
    "iconUri": "https://boots.scene7.com/is/image/Boots/10339721?op_sharpen=1",
    "title": "BOSS The Scent for Her Elixir Parfum Intense 50ml ",
    "referenceUri": "/boss-the-scent-for-her-elixir-parfum-intense-50ml-10339721",
    "canAddToBasket": "yes",
    "opticians": false,
    "inStock": true,
    "expressDelivery": false,
    "hasOtherPromotion": true,
    "channelPromotionalTextMap": {
      "-1": [
        "Free gift when you buy selected Hugo Boss fragrance - online only, whilst stocks last",
        "Save up to 20 percent on selected fragrances"
      ],
      "-6": [
        "Free gift when you buy selected Hugo Boss fragrance - online only, whilst stocks last",
        "Save up to 20 percent on selected fragrances"
      ]
    },
    "adCardPoints": 300
  },
  {
    "_id": {
      "$oid": "65ec108d9884656b92f556b5"
    },
    "ppuQuantity": "50ML",
    "pricing": {
      "perUnit": "£142.00 per 100ML",
      "regular": {
        "value": 86,
        "currency": "GBP",
        "text": "£86.00"
      },
      "current": {
        "value": 71,
        "currency": "GBP",
        "text": "£71.00"
      },
      "saving": {
        "value": 15,
        "currency": "GBP",
        "text": "£15.00"
      }
    },
    "objectId": "2779233",
    "brand": "Christian Dior",
    "attributes": {
      "fragrance_scent": "floral",
      "StockOverrideMessage": "STOCK_COMING_SOON",
      "gender": "womens",
      "size": "41-50",
      "fragrance_type": "eau de toilette",
      "hasPriceAdvantageDeal": false,
      "ProductReviewFlag": "1"
    },
    "variants": {
      "colours": [],
      "hasColours": false,
      "hasSizes": false
    },
    "categories": [
      [
        {
          "name": "fragrance",
          "label": "fragrance"
        },
        {
          "name": "gift",
          "label": "gift"
        }
      ],
      [
        {
          "name": "perfume",
          "label": "fragrance > perfume"
        },
        {
          "name": "fragrance offers",
          "label": "fragrance > fragrance offers"
        },
        {
          "name": "gifts for her",
          "label": "gift > gifts for her"
        }
      ],
      [
        {
          "name": "all perfumes",
          "label": "fragrance > perfume > all perfumes"
        },
        {
          "name": "floral perfume",
          "label": "fragrance > perfume > floral perfume"
        },
        {
          "name": "save £15",
          "label": "fragrance > fragrance offers > save £15"
        },
        {
          "name": "all perfumes",
          "label": "gift > gifts for her > all perfumes"
        }
      ]
    ],
    "reviews": {
      "average": 4.45,
      "count": 53,
      "rounded": 4
    },
    "parent": {
      "product": "2779232",
      "partNumber": "10322785.P",
      "model": "10322785",
      "manufacturerModel": "5266866"
    },
    "images": {
      "thumbnail": "https://boots.scene7.com/is/image/Boots/10322785?wid=45&hei=60&op_sharpen=1"
    },
    "offers": [
      {
        "text": "Save £15 on selected fragrance"
      }
    ],
    "actions": {},
    "iconUri": "https://boots.scene7.com/is/image/Boots/10322785?op_sharpen=1",
    "title": "DIOR Miss Dior Blooming Bouquet Eau de Toilette 50ml",
    "referenceUri": "/dior-miss-dior-blooming-bouquet-eau-de-toilette-50ml-10322785",
    "canAddToBasket": "yes",
    "opticians": false,
    "inStock": true,
    "expressDelivery": false,
    "hasOtherPromotion": true,
    "channelPromotionalTextMap": {
      "-1": [
        "Save £15 on selected fragrance"
      ],
      "-6": [
        "Save £15 on selected fragrance"
      ]
    },
    "adCardPoints": 213
  },
  {
    "_id": {
      "$oid": "65ec108d9884656b92f556b6"
    },
    "ppuQuantity": "100ML",
    "pricing": {
      "perUnit": "£104.00 per 100ML",
      "regular": {
        "value": 130,
        "currency": "GBP",
        "text": "£130.00"
      },
      "current": {
        "value": 104,
        "currency": "GBP",
        "text": "£104.00"
      },
      "saving": {
        "value": 26,
        "currency": "GBP",
        "text": "£26.00"
      }
    },
    "objectId": "2579147",
    "brand": "Gucci",
    "attributes": {
      "fragrance_scent": "floral",
      "size": "41-50",
      "gender": "womens",
      "StockOverrideMessage": "STOCK_COMING_SOON",
      "fragrance_type": "eau de parfum",
      "hasPriceAdvantageDeal": false,
      "Reporting_Category": "fragrance",
      "ProductReviewFlag": "1"
    },
    "variants": {
      "colours": [],
      "hasColours": false,
      "hasSizes": false
    },
    "categories": [
      [
        {
          "name": "mother's day",
          "label": "mother's day"
        },
        {
          "name": "fragrance",
          "label": "fragrance"
        },
        {
          "name": "gift",
          "label": "gift"
        }
      ],
      [
        {
          "name": "shop all",
          "label": "mother's day > shop all"
        },
        {
          "name": "perfume",
          "label": "fragrance > perfume"
        },
        {
          "name": "gifts for her",
          "label": "gift > gifts for her"
        },
        {
          "name": "5* rated perfumes & aftershaves",
          "label": "fragrance > 5* rated perfumes & aftershaves"
        },
        {
          "name": "all gifts",
          "label": "gift > all gifts"
        }
      ],
      [
        {
          "name": "all perfumes",
          "label": "fragrance > perfume > all perfumes"
        },
        {
          "name": "floral perfume",
          "label": "fragrance > perfume > floral perfume"
        },
        {
          "name": "all perfumes",
          "label": "gift > gifts for her > all perfumes"
        }
      ]
    ],
    "reviews": {
      "average": 4.53,
      "count": 1545,
      "rounded": 4
    },
    "parent": {
      "product": "2579146",
      "partNumber": "10299779.P",
      "model": "10299779",
      "manufacturerModel": "4913795"
    },
    "images": {
      "thumbnail": "https://boots.scene7.com/is/image/Boots/10299779?wid=45&hei=60&op_sharpen=1"
    },
    "offers": [
      {
        "text": "Save up to 20 percent on selected fragrances"
      }
    ],
    "actions": {},
    "iconUri": "https://boots.scene7.com/is/image/Boots/10299779?op_sharpen=1",
    "title": "Gucci Flora Gorgeous Gardenia for Her Eau de Parfum 100ml",
    "referenceUri": "/gucci-flora-gorgeous-gardenia-eau-de-parfum-100ml-10299779",
    "canAddToBasket": "yes",
    "opticians": false,
    "inStock": true,
    "expressDelivery": false,
    "hasOtherPromotion": true,
    "channelPromotionalTextMap": {
      "-1": [
        "Save up to 20 percent on selected fragrances"
      ],
      "-6": [
        "Save up to 20 percent on selected fragrances"
      ]
    },
    "adCardPoints": 312
  },
  {
    "_id": {
      "$oid": "65ec108d9884656b92f556b7"
    },
    "ppuQuantity": "100ML",
    "pricing": {
      "perUnit": "£22.00 per 100ML",
      "regular": {
        "value": 66,
        "currency": "GBP",
        "text": "£66.00"
      },
      "current": {
        "value": 22,
        "currency": "GBP",
        "text": "£22.00"
      },
      "saving": {
        "value": 44,
        "currency": "GBP",
        "text": "£44.00"
      }
    },
    "objectId": "640534",
    "brand": "Vera Wang",
    "attributes": {
      "fragrance_scent": [
        "fruity",
        "vanilla",
        "floral"
      ],
      "gender": "womens",
      "size": "71-100",
      "StockOverrideMessage": "STOCK_COMING_SOON",
      "Size": "100ml",
      "parentCategory_UK": "33071",
      "fragrance_type": "eau de toilette",
      "hasPriceAdvantageDeal": false,
      "gift_type": "fragrance gifts",
      "ProductReviewFlag": "1"
    },
    "variants": {
      "colours": [],
      "hasColours": false,
      "hasSizes": false
    },
    "categories": [
      [
        {
          "name": "mother's day",
          "label": "mother's day"
        },
        {
          "name": "fragrance",
          "label": "fragrance"
        },
        {
          "name": "gift",
          "label": "gift"
        }
      ],
      [
        {
          "name": "shop all",
          "label": "mother's day > shop all"
        },
        {
          "name": "perfume",
          "label": "fragrance > perfume"
        },
        {
          "name": "fragrance offers",
          "label": "fragrance > fragrance offers"
        },
        {
          "name": "gifts for her",
          "label": "gift > gifts for her"
        },
        {
          "name": "celebrity fragrance",
          "label": "fragrance > celebrity fragrance"
        },
        {
          "name": "Eid gifts",
          "label": "gift > Eid gifts"
        }
      ],
      [
        {
          "name": "all perfumes",
          "label": "fragrance > perfume > all perfumes"
        },
        {
          "name": "vanilla perfume",
          "label": "fragrance > perfume > vanilla perfume"
        },
        {
          "name": "floral perfume",
          "label": "fragrance > perfume > floral perfume"
        },
        {
          "name": "save up to half price",
          "label": "fragrance > fragrance offers > save up to half price"
        },
        {
          "name": "save up to 20% on fragrance",
          "label": "fragrance > fragrance offers > save up to 20% on fragrance"
        },
        {
          "name": "all perfumes",
          "label": "gift > gifts for her > all perfumes"
        }
      ]
    ],
    "reviews": {
      "average": 4.68,
      "count": 1886,
      "rounded": 4
    },
    "parent": {
      "product": "640533",
      "partNumber": "10079373.P",
      "model": "10079373",
      "manufacturerModel": "5620244"
    },
    "images": {
      "thumbnail": "https://boots.scene7.com/is/image/Boots/10079373?wid=45&hei=60&op_sharpen=1"
    },
    "offers": [
      {
        "text": "Save £44 on Vera Wang Princess for Women Eau de Toilette 100ml - online only"
      }
    ],
    "actions": {},
    "iconUri": "https://boots.scene7.com/is/image/Boots/10079373?op_sharpen=1",
    "title": "Vera Wang Princess for Women Eau de Toilette 100ml",
    "referenceUri": "/vera-wang-princess-eau-de-toilette-100ml-10079373",
    "canAddToBasket": "yes",
    "opticians": false,
    "inStock": true,
    "expressDelivery": false,
    "hasOtherPromotion": true,
    "channelPromotionalTextMap": {
      "-1": [
        "Save £44 on Vera Wang Princess for Women Eau de Toilette 100ml - online only"
      ],
      "-6": [
        "Save £44 on Vera Wang Princess for Women Eau de Toilette 100ml - online only"
      ]
    },
    "adCardPoints": 66
  },
  {
    "_id": {
      "$oid": "65ec108d9884656b92f556b8"
    },
    "ppuQuantity": "100ML",
    "pricing": {
      "perUnit": "£39.00 per 100ML",
      "regular": {
        "value": 80,
        "currency": "GBP",
        "text": "£80.00"
      },
      "current": {
        "value": 39,
        "currency": "GBP",
        "text": "£39.00"
      },
      "saving": {
        "value": 41,
        "currency": "GBP",
        "text": "£41.00"
      }
    },
    "objectId": "1523750",
    "brand": "Michael Kors",
    "attributes": {
      "fragrance_scent": [
        "floral",
        "woody",
        "amber"
      ],
      "StockOverrideMessage": "SOLD_OUT",
      "size": "71-100",
      "gender": "womens",
      "Size": "100ml",
      "parentCategory_UK": "33071",
      "fragrance_type": "eau de parfum",
      "hasPriceAdvantageDeal": false,
      "ProductReviewFlag": "1"
    },
    "variants": {
      "colours": [],
      "hasColours": false,
      "hasSizes": false
    },
    "categories": [
      [
        {
          "name": "fragrance",
          "label": "fragrance"
        },
        {
          "name": "gift",
          "label": "gift"
        }
      ],
      [
        {
          "name": "5* rated perfumes & aftershaves",
          "label": "fragrance > 5* rated perfumes & aftershaves"
        },
        {
          "name": "perfume",
          "label": "fragrance > perfume"
        },
        {
          "name": "fragrance offers",
          "label": "fragrance > fragrance offers"
        },
        {
          "name": "gifts for her",
          "label": "gift > gifts for her"
        }
      ],
      [
        {
          "name": "all perfumes",
          "label": "fragrance > perfume > all perfumes"
        },
        {
          "name": "everyday low prices",
          "label": "fragrance > fragrance offers > everyday low prices"
        },
        {
          "name": "clearance",
          "label": "fragrance > fragrance offers > clearance"
        },
        {
          "name": "all perfumes",
          "label": "gift > gifts for her > all perfumes"
        }
      ]
    ],
    "reviews": {
      "average": 5,
      "count": 2,
      "rounded": 5
    },
    "parent": {
      "product": "1523749",
      "partNumber": "10181920.P",
      "model": "10181920",
      "manufacturerModel": "6074723"
    },
    "images": {
      "thumbnail": "https://boots.scene7.com/is/image/Boots/10181920?wid=45&hei=60&op_sharpen=1"
    },
    "offers": [
      {
        "text": "Save up to 1/2 price on selected fragrances"
      }
    ],
    "actions": {},
    "iconUri": "https://boots.scene7.com/is/image/Boots/10181920?op_sharpen=1",
    "title": "Michael Kors Sexy Amber Eau de Parfum 100ml",
    "referenceUri": "/michael-kors-sexy-amber-eau-de-parfum-100ml",
    "canAddToBasket": "yes",
    "opticians": false,
    "inStock": true,
    "expressDelivery": false,
    "hasOtherPromotion": true,
    "channelPromotionalTextMap": {
      "-1": [
        "Save up to 1/2 price on selected fragrances"
      ],
      "-6": [
        "Save up to 1/2 price on selected fragrances"
      ]
    },
    "adCardPoints": 117
  },
  {
    "_id": {
      "$oid": "65ec108d9884656b92f556b9"
    },
    "ppuQuantity": "30ML",
    "pricing": {
      "perUnit": "£195.50 per 100ML",
      "regular": {
        "value": 69,
        "currency": "GBP",
        "text": "£69.00"
      },
      "current": {
        "value": 58.65,
        "currency": "GBP",
        "text": "£58.65"
      },
      "saving": {
        "value": 10.35,
        "currency": "GBP",
        "text": "£10.35"
      }
    },
    "objectId": "2314563",
    "brand": "Yves Saint Laurent",
    "attributes": {
      "fragrance_scent": [
        "floral",
        "amber"
      ],
      "size": "21-30",
      "StockOverrideMessage": "STOCK_COMING_SOON",
      "gender": "womens",
      "fragrance_type": "eau de parfum",
      "format": "spray",
      "hasPriceAdvantageDeal": false,
      "Reporting_Category": "fragrance",
      "ProductReviewFlag": "1"
    },
    "variants": {
      "colours": [],
      "hasColours": false,
      "hasSizes": false
    },
    "categories": [
      [
        {
          "name": "fragrance",
          "label": "fragrance"
        },
        {
          "name": "gift",
          "label": "gift"
        }
      ],
      [
        {
          "name": "5* rated perfumes & aftershaves",
          "label": "fragrance > 5* rated perfumes & aftershaves"
        },
        {
          "name": "perfume",
          "label": "fragrance > perfume"
        },
        {
          "name": "fragrance offers",
          "label": "fragrance > fragrance offers"
        },
        {
          "name": "gifts for her",
          "label": "gift > gifts for her"
        }
      ],
      [
        {
          "name": "all perfumes",
          "label": "fragrance > perfume > all perfumes"
        },
        {
          "name": "floral perfume",
          "label": "fragrance > perfume > floral perfume"
        },
        {
          "name": "amber perfume",
          "label": "fragrance > perfume > amber perfume"
        },
        {
          "name": "Save 15% on 100s of fragrances",
          "label": "fragrance > fragrance offers > Save 15% on 100s of fragrances"
        },
        {
          "name": "all perfumes",
          "label": "gift > gifts for her > all perfumes"
        }
      ]
    ],
    "reviews": {
      "average": 4.77,
      "count": 11837,
      "rounded": 4
    },
    "parent": {
      "product": "2314562",
      "partNumber": "10269823.P",
      "model": "10269823",
      "manufacturerModel": "8600309"
    },
    "images": {
      "thumbnail": "https://boots.scene7.com/is/image/Boots/10269823?wid=45&hei=60&op_sharpen=1"
    },
    "offers": [
      {
        "text": "Save up to 20 percent on selected fragrances"
      }
    ],
    "actions": {},
    "iconUri": "https://boots.scene7.com/is/image/Boots/10269823?op_sharpen=1",
    "title": "YSL Libre Eau de Parfum 30ml",
    "referenceUri": "/ysl-libre-30ml-10269823",
    "canAddToBasket": "yes",
    "opticians": false,
    "inStock": true,
    "expressDelivery": false,
    "hasOtherPromotion": true,
    "channelPromotionalTextMap": {
      "-1": [
        "Save up to 20 percent on selected fragrances"
      ],
      "-6": [
        "Save up to 20 percent on selected fragrances"
      ]
    },
    "adCardPoints": 174
  },
  {
    "_id": {
      "$oid": "65ec108d9884656b92f556ba"
    },
    "ppuQuantity": "50ML",
    "pricing": {
      "perUnit": "£118.66 per 100ML",
      "regular": {
        "value": 89,
        "currency": "GBP",
        "text": "£89.00"
      },
      "current": {
        "value": 59.33,
        "currency": "GBP",
        "text": "£59.33"
      },
      "saving": {
        "value": 29.67,
        "currency": "GBP",
        "text": "£29.67"
      }
    },
    "objectId": "1697113",
    "brand": "Gucci",
    "attributes": {
      "fragrance_scent": [
        "citrus",
        "woody",
        "floral"
      ],
      "gender": "womens",
      "size": "41-50",
      "StockOverrideMessage": "STOCK_COMING_SOON",
      "parentCategory_UK": "33071",
      "fragrance_type": "eau de parfum",
      "recipient": "gifts for women",
      "hasPriceAdvantageDeal": false,
      "Reporting_Category": "fragrance",
      "gift_type": "fragrance gifts",
      "ProductReviewFlag": "1"
    },
    "variants": {
      "colours": [],
      "hasColours": false,
      "hasSizes": false
    },
    "categories": [
      [
        {
          "name": "mother's day",
          "label": "mother's day"
        },
        {
          "name": "fragrance",
          "label": "fragrance"
        },
        {
          "name": "gift",
          "label": "gift"
        }
      ],
      [
        {
          "name": "shop all",
          "label": "mother's day > shop all"
        },
        {
          "name": "perfume",
          "label": "fragrance > perfume"
        },
        {
          "name": "fragrance offers",
          "label": "fragrance > fragrance offers"
        },
        {
          "name": "gifts for her",
          "label": "gift > gifts for her"
        }
      ],
      [
        {
          "name": "all perfumes",
          "label": "fragrance > perfume > all perfumes"
        },
        {
          "name": "floral perfume",
          "label": "fragrance > perfume > floral perfume"
        },
        {
          "name": "Save 15% on 100s of fragrances",
          "label": "fragrance > fragrance offers > Save 15% on 100s of fragrances"
        },
        {
          "name": "all perfumes",
          "label": "gift > gifts for her > all perfumes"
        }
      ]
    ],
    "reviews": {
      "average": 4.45,
      "count": 2250,
      "rounded": 4
    },
    "parent": {
      "product": "1697112",
      "partNumber": "10196274.P",
      "model": "10196274",
      "manufacturerModel": "6295096"
    },
    "images": {
      "thumbnail": "https://boots.scene7.com/is/image/Boots/10196274?wid=45&hei=60&op_sharpen=1"
    },
    "offers": [
      {
        "text": "Save up to 1/2 price on selected fragrances"
      }
    ],
    "actions": {},
    "iconUri": "https://boots.scene7.com/is/image/Boots/10196274?op_sharpen=1",
    "title": "Gucci Bamboo for Her Eau de Parfum 50ml",
    "referenceUri": "/gucci-bamboo-eau-de-parfum-50ml-10196274",
    "canAddToBasket": "yes",
    "opticians": false,
    "inStock": true,
    "expressDelivery": false,
    "hasOtherPromotion": true,
    "channelPromotionalTextMap": {
      "-1": [
        "Save up to 1/2 price on selected fragrances"
      ],
      "-6": [
        "Save up to 1/2 price on selected fragrances"
      ]
    },
    "adCardPoints": 177
  },
  {
    "_id": {
      "$oid": "65ec108d9884656b92f556bb"
    },
    "ppuQuantity": "35ML",
    "pricing": {
      "perUnit": "£189.43 per 100ML",
      "regular": {
        "value": 78,
        "currency": "GBP",
        "text": "£78.00"
      },
      "current": {
        "value": 66.3,
        "currency": "GBP",
        "text": "£66.30"
      },
      "saving": {
        "value": 11.7,
        "currency": "GBP",
        "text": "£11.70"
      }
    },
    "objectId": "2933141",
    "brand": "Christian Dior",
    "attributes": {
      "fragrance_scent": "jasmine",
      "product_type": "body spray",
      "size": "31-40",
      "gender": "womens",
      "StockOverrideMessage": "STOCK_COMING_SOON",
      "format": "spray",
      "fragrance_type": "parfum",
      "hasPriceAdvantageDeal": false,
      "ProductReviewFlag": "1"
    },
    "variants": {
      "colours": [],
      "hasColours": false,
      "hasSizes": false
    },
    "categories": [
      [
        {
          "name": "new in",
          "label": "new in"
        },
        {
          "name": "fragrance",
          "label": "fragrance"
        },
        {
          "name": "gift",
          "label": "gift"
        }
      ],
      [
        {
          "name": "new in fragrance",
          "label": "new in > new in fragrance"
        },
        {
          "name": "perfume",
          "label": "fragrance > perfume"
        },
        {
          "name": "recommended",
          "label": "fragrance > recommended"
        },
        {
          "name": "gifts for her",
          "label": "gift > gifts for her"
        },
        {
          "name": "new in fragrance",
          "label": "fragrance > new in fragrance"
        },
        {
          "name": "5* rated perfumes & aftershaves",
          "label": "fragrance > 5* rated perfumes & aftershaves"
        }
      ],
      [
        {
          "name": "all perfumes",
          "label": "fragrance > perfume > all perfumes"
        },
        {
          "name": "floral perfume",
          "label": "fragrance > perfume > floral perfume"
        },
        {
          "name": "trending fragrance",
          "label": "fragrance > recommended > trending fragrance"
        },
        {
          "name": "best summer fragrances",
          "label": "fragrance > recommended > best summer fragrances"
        },
        {
          "name": "best floral perfumes",
          "label": "fragrance > recommended > best floral perfumes"
        },
        {
          "name": "all perfumes",
          "label": "gift > gifts for her > all perfumes"
        }
      ]
    ],
    "reviews": {
      "average": 4.67,
      "count": 73,
      "rounded": 4
    },
    "parent": {
      "product": "2933140",
      "partNumber": "10340244.P",
      "model": "10340244",
      "manufacturerModel": "2292580"
    },
    "images": {
      "thumbnail": "https://boots.scene7.com/is/image/Boots/10340244?wid=45&hei=60&op_sharpen=1"
    },
    "offers": [
      {
        "text": "Save up to 20 percent on selected fragrances"
      }
    ],
    "actions": {},
    "iconUri": "https://boots.scene7.com/is/image/Boots/10340244?op_sharpen=1",
    "title": "DIOR Miss Dior Parfum 35ml",
    "referenceUri": "/miss-dior-parfum-35ml-10340244",
    "canAddToBasket": "yes",
    "opticians": false,
    "inStock": true,
    "expressDelivery": false,
    "hasOtherPromotion": true,
    "channelPromotionalTextMap": {
      "-1": [
        "Save up to 20 percent on selected fragrances"
      ],
      "-6": [
        "Save up to 20 percent on selected fragrances"
      ]
    },
    "adCardPoints": 198
  },
  {
    "_id": {
      "$oid": "65ec108d9884656b92f556bc"
    },
    "ppuQuantity": "30ML",
    "pricing": {
      "perUnit": "£192.67 per 100ML",
      "regular": {
        "value": 68,
        "currency": "GBP",
        "text": "£68.00"
      },
      "current": {
        "value": 57.8,
        "currency": "GBP",
        "text": "£57.80"
      },
      "saving": {
        "value": 10.2,
        "currency": "GBP",
        "text": "£10.20"
      }
    },
    "objectId": "2590186",
    "brand": "Christian Dior",
    "attributes": {
      "fragrance_scent": "floral",
      "StockOverrideMessage": "STOCK_COMING_SOON",
      "gender": "womens",
      "size": "21-30",
      "fragrance_type": "eau de parfum",
      "hasPriceAdvantageDeal": false,
      "Reporting_Category": "fragrance",
      "hiddenExcludeFromRecs": "Yes",
      "ProductReviewFlag": "1"
    },
    "variants": {
      "colours": [],
      "hasColours": false,
      "hasSizes": false
    },
    "categories": [
      [
        {
          "name": "gift",
          "label": "gift"
        },
        {
          "name": "fragrance",
          "label": "fragrance"
        }
      ],
      [
        {
          "name": "all gifts",
          "label": "gift > all gifts"
        },
        {
          "name": "perfume",
          "label": "fragrance > perfume"
        },
        {
          "name": "gifts for her",
          "label": "gift > gifts for her"
        },
        {
          "name": "gift by occasion",
          "label": "gift > gift by occasion"
        },
        {
          "name": "5* rated perfumes & aftershaves",
          "label": "fragrance > 5* rated perfumes & aftershaves"
        }
      ],
      [
        {
          "name": "all perfumes",
          "label": "fragrance > perfume > all perfumes"
        },
        {
          "name": "floral perfume",
          "label": "fragrance > perfume > floral perfume"
        },
        {
          "name": "all perfumes",
          "label": "gift > gifts for her > all perfumes"
        },
        {
          "name": "wedding gifts",
          "label": "gift > gift by occasion > wedding gifts"
        }
      ]
    ],
    "reviews": {
      "average": 4.65,
      "count": 4431,
      "rounded": 4
    },
    "parent": {
      "product": "2590185",
      "partNumber": "10300554.P",
      "model": "10300554",
      "manufacturerModel": "4766911"
    },
    "images": {
      "thumbnail": "https://boots.scene7.com/is/image/Boots/10300554?wid=45&hei=60&op_sharpen=1"
    },
    "offers": [
      {
        "text": "Save up to 20 percent on selected fragrances"
      }
    ],
    "actions": {},
    "iconUri": "https://boots.scene7.com/is/image/Boots/10300554?op_sharpen=1",
    "title": "DIOR Miss Dior Eau de Parfum 30ml",
    "referenceUri": "/dior-miss-dior-eau-de-parfum-30ml-10300554",
    "canAddToBasket": "yes",
    "opticians": false,
    "inStock": true,
    "expressDelivery": false,
    "hasOtherPromotion": true,
    "channelPromotionalTextMap": {
      "-1": [
        "Save up to 20 percent on selected fragrances"
      ],
      "-6": [
        "Save up to 20 percent on selected fragrances"
      ]
    },
    "adCardPoints": 171
  },
  {
    "_id": {
      "$oid": "65ec108d9884656b92f556bd"
    },
    "ppuQuantity": "30ML",
    "pricing": {
      "perUnit": "£200.00 per 100ML",
      "regular": {
        "value": 60,
        "currency": "GBP",
        "text": "£60.00"
      },
      "current": {
        "value": 60,
        "currency": "GBP",
        "text": "£60.00"
      }
    },
    "objectId": "2096055",
    "brand": "Carolina Herrera",
    "attributes": {
      "fragrance_scent": [
        "woody",
        "floral"
      ],
      "size": "21-30",
      "gender": "womens",
      "StockOverrideMessage": "STOCK_COMING_SOON",
      "recipient": "gifts for women",
      "fragrance_type": "eau de parfum",
      "hasPriceAdvantageDeal": false,
      "Reporting_Category": "fragrance",
      "gift_type": "fragrance gifts",
      "ProductReviewFlag": "1"
    },
    "variants": {
      "colours": [],
      "hasColours": false,
      "hasSizes": false
    },
    "categories": [
      [
        {
          "name": "mother's day",
          "label": "mother's day"
        },
        {
          "name": "fragrance",
          "label": "fragrance"
        },
        {
          "name": "gift",
          "label": "gift"
        }
      ],
      [
        {
          "name": "shop all",
          "label": "mother's day > shop all"
        },
        {
          "name": "perfume",
          "label": "fragrance > perfume"
        },
        {
          "name": "gifts for her",
          "label": "gift > gifts for her"
        },
        {
          "name": "5* rated perfumes & aftershaves",
          "label": "fragrance > 5* rated perfumes & aftershaves"
        }
      ],
      [
        {
          "name": "all perfumes",
          "label": "fragrance > perfume > all perfumes"
        },
        {
          "name": "floral perfume",
          "label": "fragrance > perfume > floral perfume"
        },
        {
          "name": "all perfumes",
          "label": "gift > gifts for her > all perfumes"
        }
      ]
    ],
    "reviews": {
      "average": 4.63,
      "count": 818,
      "rounded": 4
    },
    "parent": {
      "product": "2096054",
      "partNumber": "10243597.P",
      "model": "10243597",
      "manufacturerModel": "7983484"
    },
    "images": {
      "thumbnail": "https://boots.scene7.com/is/image/Boots/10243597?wid=45&hei=60&op_sharpen=1"
    },
    "offers": [],
    "actions": {},
    "iconUri": "https://boots.scene7.com/is/image/Boots/10243597?op_sharpen=1",
    "title": "Carolina Herrera Good Girl Eau de Parfum 30ml",
    "referenceUri": "/Carolina-Herrera-Good-Girl-Eau-de-Parfum-30ml-10243597",
    "canAddToBasket": "yes",
    "opticians": false,
    "inStock": true,
    "expressDelivery": false,
    "hasOtherPromotion": false,
    "channelPromotionalTextMap": {
      "-1": [],
      "-6": []
    },
    "adCardPoints": 180
  },
  {
    "_id": {
      "$oid": "65ec108d9884656b92f556be"
    },
    "ppuQuantity": "30ML",
    "pricing": {
      "perUnit": "£110.00 per 100ML",
      "regular": {
        "value": 33,
        "currency": "GBP",
        "text": "£33.00"
      },
      "current": {
        "value": 33,
        "currency": "GBP",
        "text": "£33.00"
      }
    },
    "objectId": "2220134",
    "brand": "Ariana Grande",
    "attributes": {
      "fragrance_scent": [
        "floral",
        "vanilla",
        "musk"
      ],
      "size": "21-30",
      "StockOverrideMessage": "STOCK_COMING_SOON",
      "gender": "womens",
      "fragrance_type": "eau de parfum",
      "hasPriceAdvantageDeal": false,
      "Reporting_Category": "fragrance",
      "ProductReviewFlag": "1"
    },
    "variants": {
      "colours": [],
      "hasColours": false,
      "hasSizes": false
    },
    "categories": [
      [
        {
          "name": "fragrance",
          "label": "fragrance"
        },
        {
          "name": "gift",
          "label": "gift"
        }
      ],
      [
        {
          "name": "celebrity fragrance",
          "label": "fragrance > celebrity fragrance"
        },
        {
          "name": "perfume",
          "label": "fragrance > perfume"
        },
        {
          "name": "gifts for her",
          "label": "gift > gifts for her"
        }
      ],
      [
        {
          "name": "all perfumes",
          "label": "fragrance > perfume > all perfumes"
        },
        {
          "name": "vanilla perfume",
          "label": "fragrance > perfume > vanilla perfume"
        },
        {
          "name": "musky perfume",
          "label": "fragrance > perfume > musky perfume"
        },
        {
          "name": "floral perfume",
          "label": "fragrance > perfume > floral perfume"
        },
        {
          "name": "all perfumes",
          "label": "gift > gifts for her > all perfumes"
        }
      ]
    ],
    "reviews": {
      "average": 4.34,
      "count": 88,
      "rounded": 4
    },
    "parent": {
      "product": "2220133",
      "partNumber": "10259501.P",
      "model": "10259501",
      "manufacturerModel": "8423784"
    },
    "images": {
      "thumbnail": "https://boots.scene7.com/is/image/Boots/10259501?wid=45&hei=60&op_sharpen=1"
    },
    "offers": [],
    "actions": {},
    "iconUri": "https://boots.scene7.com/is/image/Boots/10259501?op_sharpen=1",
    "title": "Ariana Grande Cloud Eau de Parfum 30ml",
    "referenceUri": "/ariana-grande-cloud-eau-de-parfum-30ml-10259501",
    "canAddToBasket": "yes",
    "opticians": false,
    "inStock": true,
    "expressDelivery": false,
    "hasOtherPromotion": false,
    "channelPromotionalTextMap": {
      "-1": [],
      "-6": []
    },
    "adCardPoints": 99
  },
  {
    "_id": {
      "$oid": "65ec108d9884656b92f556bf"
    },
    "ppuQuantity": "50ML",
    "pricing": {
      "perUnit": "£78.00 per 100ML",
      "regular": {
        "value": 39,
        "currency": "GBP",
        "text": "£39.00"
      },
      "current": {
        "value": 39,
        "currency": "GBP",
        "text": "£39.00"
      }
    },
    "objectId": "2677121",
    "brand": "Billie Eilish",
    "attributes": {
      "fragrance_scent": [
        "musk",
        "amber",
        "vanilla",
        "sweet"
      ],
      "suitable_for": "vegan",
      "gender": "womens",
      "format": "spray",
      "fragrance_type": "eau de parfum",
      "Reporting_Category": "fragrance",
      "body_area": "body",
      "size": "41-50",
      "hasPriceAdvantageDeal": false,
      "free_from": "paraben-free",
      "key_features": "cruelty-free",
      "ProductReviewFlag": "1"
    },
    "variants": {
      "colours": [],
      "hasColours": false,
      "hasSizes": false
    },
    "categories": [
      [
        {
          "name": "fragrance",
          "label": "fragrance"
        },
        {
          "name": "gift",
          "label": "gift"
        },
        {
          "name": "beauty & skincare",
          "label": "beauty & skincare"
        }
      ],
      [
        {
          "name": "5* rated perfumes & aftershaves",
          "label": "fragrance > 5* rated perfumes & aftershaves"
        },
        {
          "name": "perfume",
          "label": "fragrance > perfume"
        },
        {
          "name": "gifts for her",
          "label": "gift > gifts for her"
        },
        {
          "name": "trending on social",
          "label": "beauty & skincare > trending on social"
        },
        {
          "name": "celebrity fragrance",
          "label": "fragrance > celebrity fragrance"
        }
      ],
      [
        {
          "name": "all perfumes",
          "label": "fragrance > perfume > all perfumes"
        },
        {
          "name": "vanilla perfume",
          "label": "fragrance > perfume > vanilla perfume"
        },
        {
          "name": "musky perfume",
          "label": "fragrance > perfume > musky perfume"
        },
        {
          "name": "amber perfume",
          "label": "fragrance > perfume > amber perfume"
        },
        {
          "name": "all perfumes",
          "label": "gift > gifts for her > all perfumes"
        }
      ]
    ],
    "reviews": {
      "average": 4.9,
      "count": 20,
      "rounded": 4
    },
    "parent": {
      "product": "2677120",
      "partNumber": "10312508.P",
      "model": "10312508",
      "manufacturerModel": "2718472"
    },
    "images": {
      "thumbnail": "https://boots.scene7.com/is/image/Boots/10312508?wid=45&hei=60&op_sharpen=1"
    },
    "offers": [],
    "actions": {},
    "iconUri": "https://boots.scene7.com/is/image/Boots/10312508?op_sharpen=1",
    "title": "Eilish by Billie Eilish Eau de Parfum 50ml",
    "referenceUri": "/billie-eilish-eau-de-parfum-eilish-50ml-10312508",
    "canAddToBasket": "yes",
    "opticians": false,
    "inStock": true,
    "expressDelivery": false,
    "hasOtherPromotion": false,
    "channelPromotionalTextMap": {
      "-1": [],
      "-6": []
    },
    "adCardPoints": 117
  },
  {
    "_id": {
      "$oid": "65ec108d9884656b92f556c0"
    },
    "ppuQuantity": "75ML",
    "pricing": {
      "perUnit": "£122.40 per 100ML",
      "regular": {
        "value": 108,
        "currency": "GBP",
        "text": "£108.00"
      },
      "current": {
        "value": 91.8,
        "currency": "GBP",
        "text": "£91.80"
      },
      "saving": {
        "value": 16.2,
        "currency": "GBP",
        "text": "£16.20"
      }
    },
    "objectId": "2640781",
    "brand": "Yves Saint Laurent",
    "attributes": {
      "fragrance_scent": "citrus",
      "size": "71-100",
      "StockOverrideMessage": "STOCK_COMING_SOON",
      "fragrance_type": "eau de parfum",
      "hasPriceAdvantageDeal": false,
      "Reporting_Category": "fragrance",
      "ProductReviewFlag": "1"
    },
    "variants": {
      "colours": [],
      "hasColours": false,
      "hasSizes": false
    },
    "categories": [
      [
        {
          "name": "mother's day",
          "label": "mother's day"
        },
        {
          "name": "fragrance",
          "label": "fragrance"
        },
        {
          "name": "gift",
          "label": "gift"
        }
      ],
      [
        {
          "name": "shop all",
          "label": "mother's day > shop all"
        },
        {
          "name": "perfume",
          "label": "fragrance > perfume"
        },
        {
          "name": "gifts for her",
          "label": "gift > gifts for her"
        },
        {
          "name": "5* rated perfumes & aftershaves",
          "label": "fragrance > 5* rated perfumes & aftershaves"
        },
        {
          "name": "Eid gifts",
          "label": "gift > Eid gifts"
        }
      ],
      [
        {
          "name": "all perfumes",
          "label": "fragrance > perfume > all perfumes"
        },
        {
          "name": "all perfumes",
          "label": "gift > gifts for her > all perfumes"
        }
      ]
    ],
    "reviews": {
      "average": 4.71,
      "count": 56,
      "rounded": 4
    },
    "parent": {
      "product": "2640780",
      "partNumber": "10306771.P",
      "model": "10306771",
      "manufacturerModel": "9014330"
    },
    "images": {
      "thumbnail": "https://boots.scene7.com/is/image/Boots/10306771?wid=45&hei=60&op_sharpen=1"
    },
    "offers": [
      {
        "text": "Save 15 percent on selected fragrance"
      }
    ],
    "actions": {},
    "iconUri": "https://boots.scene7.com/is/image/Boots/10306771?op_sharpen=1",
    "title": "YSL Black Opium Illicit Green Eau de Parfum 75ml",
    "referenceUri": "/ysl-black-opium-illicit-green-eau-de-parfum-75ml-10306771",
    "canAddToBasket": "yes",
    "opticians": false,
    "inStock": true,
    "expressDelivery": false,
    "hasOtherPromotion": true,
    "channelPromotionalTextMap": {
      "-1": [
        "Save 15 percent on selected fragrance"
      ],
      "-6": [
        "Save 15 percent on selected fragrance"
      ]
    },
    "adCardPoints": 273
  },
  {
    "_id": {
      "$oid": "65ec108d9884656b92f556c1"
    },
    "ppuQuantity": "30ML",
    "pricing": {
      "perUnit": "£212.50 per 100ML",
      "regular": {
        "value": 75,
        "currency": "GBP",
        "text": "£75.00"
      },
      "current": {
        "value": 63.75,
        "currency": "GBP",
        "text": "£63.75"
      },
      "saving": {
        "value": 11.25,
        "currency": "GBP",
        "text": "£11.25"
      }
    },
    "objectId": "1036392",
    "brand": "Tom Ford",
    "attributes": {
      "fragrance_scent": [
        "amber",
        "chypre",
        "floral"
      ],
      "StockOverrideMessage": "STOCK_COMING_SOON",
      "gender": [
        "unisex",
        "womens",
        "mens"
      ],
      "size": "21-30",
      "parentCategory_UK": "33071",
      "fragrance_type": [
        "eau de parfum",
        "aftershave"
      ],
      "format": "spray",
      "hasPriceAdvantageDeal": false,
      "Reporting_Category": "fragrance",
      "ProductReviewFlag": "1"
    },
    "variants": {
      "colours": [],
      "hasColours": false,
      "hasSizes": false
    },
    "categories": [
      [
        {
          "name": "men's",
          "label": "men's"
        },
        {
          "name": "toiletries",
          "label": "toiletries"
        },
        {
          "name": "fragrance",
          "label": "fragrance"
        },
        {
          "name": "gift",
          "label": "gift"
        }
      ],
      [
        {
          "name": "aftershave",
          "label": "men's > aftershave"
        },
        {
          "name": "men's toiletries",
          "label": "toiletries > men's toiletries"
        },
        {
          "name": "men's toiletries",
          "label": "men's > men's toiletries"
        },
        {
          "name": "perfume",
          "label": "fragrance > perfume"
        },
        {
          "name": "aftershave",
          "label": "fragrance > aftershave"
        },
        {
          "name": "recommended",
          "label": "fragrance > recommended"
        },
        {
          "name": "gifts for him",
          "label": "gift > gifts for him"
        },
        {
          "name": "gifts for her",
          "label": "gift > gifts for her"
        },
        {
          "name": "5* rated perfumes & aftershaves",
          "label": "fragrance > 5* rated perfumes & aftershaves"
        },
        {
          "name": "Eid gifts",
          "label": "gift > Eid gifts"
        }
      ],
      [
        {
          "name": "aftershave",
          "label": "toiletries > men's toiletries > aftershave"
        },
        {
          "name": "aftershave",
          "label": "men's > men's toiletries > aftershave"
        },
        {
          "name": "all perfumes",
          "label": "fragrance > perfume > all perfumes"
        },
        {
          "name": "all aftershave",
          "label": "fragrance > aftershave > all aftershave"
        },
        {
          "name": "unisex fragrance",
          "label": "fragrance > recommended > unisex fragrance"
        },
        {
          "name": "all aftershave",
          "label": "gift > gifts for him > all aftershave"
        },
        {
          "name": "all perfumes",
          "label": "gift > gifts for her > all perfumes"
        },
        {
          "name": "all aftershave",
          "label": "men's > aftershave > all aftershave"
        }
      ],
      [
        {
          "name": "all aftershave",
          "label": "toiletries > men's toiletries > aftershave > all aftershave"
        },
        {
          "name": "all aftershave",
          "label": "men's > men's toiletries > aftershave > all aftershave"
        }
      ]
    ],
    "reviews": {
      "average": 4.51,
      "count": 2018,
      "rounded": 4
    },
    "parent": {
      "product": "1036391",
      "partNumber": "10099424.P",
      "model": "10099424",
      "manufacturerModel": "6813364"
    },
    "images": {
      "thumbnail": "https://boots.scene7.com/is/image/Boots/10099424?wid=45&hei=60&op_sharpen=1"
    },
    "offers": [
      {
        "text": "Save up to 20 percent on selected fragrances"
      }
    ],
    "actions": {},
    "iconUri": "https://boots.scene7.com/is/image/Boots/10099424?op_sharpen=1",
    "title": "TOM FORD Black Orchid Eau de Parfum Spray 30ml",
    "referenceUri": "/tom-ford-black-orchid-eau-de-parfum-spray-30ml-10099424",
    "canAddToBasket": "yes",
    "opticians": false,
    "inStock": true,
    "expressDelivery": false,
    "hasOtherPromotion": true,
    "channelPromotionalTextMap": {
      "-1": [
        "Save up to 20 percent on selected fragrances"
      ],
      "-6": [
        "Save up to 20 percent on selected fragrances"
      ]
    },
    "adCardPoints": 189
  },
  {
    "_id": {
      "$oid": "65ec108d9884656b92f556c2"
    },
    "ppuQuantity": "50ML",
    "pricing": {
      "perUnit": "£180.20 per 100ML",
      "regular": {
        "value": 106,
        "currency": "GBP",
        "text": "£106.00"
      },
      "current": {
        "value": 90.1,
        "currency": "GBP",
        "text": "£90.10"
      },
      "saving": {
        "value": 15.9,
        "currency": "GBP",
        "text": "£15.90"
      }
    },
    "objectId": "2866723",
    "brand": "Tom Ford",
    "attributes": {
      "fragrance_scent": "floral",
      "product_type": "perfume",
      "size": "41-50",
      "StockOverrideMessage": "STOCK_COMING_SOON",
      "gender": "womens",
      "format": "spray",
      "fragrance_type": "eau de parfum",
      "hasPriceAdvantageDeal": false,
      "ProductReviewFlag": "1"
    },
    "variants": {
      "colours": [],
      "hasColours": false,
      "hasSizes": false
    },
    "categories": [
      [
        {
          "name": "new in",
          "label": "new in"
        },
        {
          "name": "fragrance",
          "label": "fragrance"
        },
        {
          "name": "gift",
          "label": "gift"
        }
      ],
      [
        {
          "name": "perfume",
          "label": "fragrance > perfume"
        },
        {
          "name": "gifts for her",
          "label": "gift > gifts for her"
        },
        {
          "name": "new in fragrance",
          "label": "fragrance > new in fragrance"
        },
        {
          "name": "brands",
          "label": "fragrance > brands"
        },
        {
          "name": "new in fragrance",
          "label": "new in > new in fragrance"
        }
      ],
      [
        {
          "name": "all perfumes",
          "label": "fragrance > perfume > all perfumes"
        },
        {
          "name": "floral perfume",
          "label": "fragrance > perfume > floral perfume"
        },
        {
          "name": "all perfumes",
          "label": "gift > gifts for her > all perfumes"
        }
      ]
    ],
    "reviews": {
      "average": 5,
      "count": 3,
      "rounded": 5
    },
    "parent": {
      "product": "2866722",
      "partNumber": "10332605.P",
      "model": "10332605",
      "manufacturerModel": "5753929"
    },
    "images": {
      "thumbnail": "https://boots.scene7.com/is/image/Boots/10332605?wid=45&hei=60&op_sharpen=1"
    },
    "offers": [
      {
        "text": "Save up to 20 percent on selected fragrances"
      }
    ],
    "actions": {},
    "iconUri": "https://boots.scene7.com/is/image/Boots/10332605?op_sharpen=1",
    "title": "Tom Ford Cafe Rose Eau de Parfum 50ml",
    "referenceUri": "/tom-ford-cafe-rose-eau-de-parfum-50ml-10332605",
    "canAddToBasket": "yes",
    "opticians": false,
    "inStock": true,
    "expressDelivery": false,
    "hasOtherPromotion": true,
    "channelPromotionalTextMap": {
      "-1": [
        "Save up to 20 percent on selected fragrances"
      ],
      "-6": [
        "Save up to 20 percent on selected fragrances"
      ]
    },
    "adCardPoints": 270
  },
  {
    "_id": {
      "$oid": "65ec108d9884656b92f556c3"
    },
    "ppuQuantity": "10ML",
    "pricing": {
      "perUnit": "£331.50 per 100ML",
      "regular": {
        "value": 39,
        "currency": "GBP",
        "text": "£39.00"
      },
      "current": {
        "value": 33.15,
        "currency": "GBP",
        "text": "£33.15"
      },
      "saving": {
        "value": 5.85,
        "currency": "GBP",
        "text": "£5.85"
      }
    },
    "objectId": "2575061",
    "brand": "Tom Ford",
    "attributes": {
      "fragrance_scent": [
        "woody",
        "floral",
        "spicy"
      ],
      "size": "0-10",
      "gender": [
        "unisex",
        "womens",
        "mens"
      ],
      "StockOverrideMessage": "SOLD_OUT",
      "fragrance_type": "parfum",
      "hasPriceAdvantageDeal": false,
      "Reporting_Category": "fragrance",
      "key_features": "travel-size",
      "ProductReviewFlag": "1"
    },
    "variants": {
      "colours": [],
      "hasColours": false,
      "hasSizes": false
    },
    "categories": [
      [
        {
          "name": "men's",
          "label": "men's"
        },
        {
          "name": "toiletries",
          "label": "toiletries"
        },
        {
          "name": "fragrance",
          "label": "fragrance"
        },
        {
          "name": "gift",
          "label": "gift"
        }
      ],
      [
        {
          "name": "men's toiletries",
          "label": "men's > men's toiletries"
        },
        {
          "name": "men's toiletries",
          "label": "toiletries > men's toiletries"
        },
        {
          "name": "perfume",
          "label": "fragrance > perfume"
        },
        {
          "name": "aftershave",
          "label": "fragrance > aftershave"
        },
        {
          "name": "gifts for him",
          "label": "gift > gifts for him"
        },
        {
          "name": "gifts for her",
          "label": "gift > gifts for her"
        },
        {
          "name": "aftershave",
          "label": "men's > aftershave"
        }
      ],
      [
        {
          "name": "aftershave",
          "label": "toiletries > men's toiletries > aftershave"
        },
        {
          "name": "aftershave",
          "label": "men's > men's toiletries > aftershave"
        },
        {
          "name": "all perfumes",
          "label": "fragrance > perfume > all perfumes"
        },
        {
          "name": "floral perfume",
          "label": "fragrance > perfume > floral perfume"
        },
        {
          "name": "all aftershave",
          "label": "fragrance > aftershave > all aftershave"
        },
        {
          "name": "cologne",
          "label": "fragrance > aftershave > cologne"
        },
        {
          "name": "all aftershave",
          "label": "gift > gifts for him > all aftershave"
        },
        {
          "name": "all perfumes",
          "label": "gift > gifts for her > all perfumes"
        },
        {
          "name": "all aftershave",
          "label": "men's > aftershave > all aftershave"
        },
        {
          "name": "cologne",
          "label": "men's > aftershave > cologne"
        }
      ],
      [
        {
          "name": "all aftershave",
          "label": "toiletries > men's toiletries > aftershave > all aftershave"
        },
        {
          "name": "cologne",
          "label": "toiletries > men's toiletries > aftershave > cologne"
        },
        {
          "name": "all aftershave",
          "label": "men's > men's toiletries > aftershave > all aftershave"
        },
        {
          "name": "cologne",
          "label": "men's > men's toiletries > aftershave > cologne"
        }
      ]
    ],
    "reviews": {
      "average": 4.91,
      "count": 11,
      "rounded": 4
    },
    "parent": {
      "product": "2575060",
      "partNumber": "10299533.P",
      "model": "10299533",
      "manufacturerModel": "4909933"
    },
    "images": {
      "thumbnail": "https://boots.scene7.com/is/image/Boots/10299533?wid=45&hei=60&op_sharpen=1"
    },
    "offers": [
      {
        "text": "Save up to 20 percent on selected fragrances"
      }
    ],
    "actions": {},
    "iconUri": "https://boots.scene7.com/is/image/Boots/10299533?op_sharpen=1",
    "title": "TOM FORD Ombré Leather Travel Spray Parfum 10ml",
    "referenceUri": "/tom-ford-ombr%C3%A9-leather-travel-spray-parfum-10ml-10299533",
    "canAddToBasket": "yes",
    "opticians": false,
    "inStock": true,
    "expressDelivery": false,
    "hasOtherPromotion": true,
    "channelPromotionalTextMap": {
      "-1": [
        "Save up to 20 percent on selected fragrances"
      ],
      "-6": [
        "Save up to 20 percent on selected fragrances"
      ]
    },
    "adCardPoints": 99
  },
  {
    "_id": {
      "$oid": "65ec108d9884656b92f556c4"
    },
    "ppuQuantity": "150ML",
    "pricing": {
      "perUnit": "£106.53 per 100ML",
      "regular": {
        "value": 188,
        "currency": "GBP",
        "text": "£188.00"
      },
      "current": {
        "value": 159.8,
        "currency": "GBP",
        "text": "£159.80"
      },
      "saving": {
        "value": 28.2,
        "currency": "GBP",
        "text": "£28.20"
      }
    },
    "objectId": "2793637",
    "brand": "Tom Ford",
    "attributes": {
      "fragrance_scent": [
        "woody",
        "amber"
      ],
      "size": "101-150",
      "StockOverrideMessage": "STOCK_COMING_SOON",
      "gender": "mens",
      "fragrance_type": "eau de parfum",
      "format": "spray",
      "hasPriceAdvantageDeal": false,
      "ProductReviewFlag": "1"
    },
    "variants": {
      "colours": [],
      "hasColours": false,
      "hasSizes": false
    },
    "categories": [
      [
        {
          "name": "new in",
          "label": "new in"
        },
        {
          "name": "toiletries",
          "label": "toiletries"
        },
        {
          "name": "men's",
          "label": "men's"
        },
        {
          "name": "fragrance",
          "label": "fragrance"
        },
        {
          "name": "gift",
          "label": "gift"
        },
        {
          "name": "mother's day",
          "label": "mother's day"
        }
      ],
      [
        {
          "name": "new in fragrance",
          "label": "new in > new in fragrance"
        },
        {
          "name": "men's toiletries",
          "label": "toiletries > men's toiletries"
        },
        {
          "name": "men's toiletries",
          "label": "men's > men's toiletries"
        },
        {
          "name": "perfume",
          "label": "fragrance > perfume"
        },
        {
          "name": "aftershave",
          "label": "fragrance > aftershave"
        },
        {
          "name": "gifts for him",
          "label": "gift > gifts for him"
        },
        {
          "name": "gifts for her",
          "label": "gift > gifts for her"
        },
        {
          "name": "aftershave",
          "label": "men's > aftershave"
        },
        {
          "name": "new in fragrance",
          "label": "fragrance > new in fragrance"
        },
        {
          "name": "shop all",
          "label": "mother's day > shop all"
        }
      ],
      [
        {
          "name": "aftershave",
          "label": "toiletries > men's toiletries > aftershave"
        },
        {
          "name": "aftershave",
          "label": "men's > men's toiletries > aftershave"
        },
        {
          "name": "all perfumes",
          "label": "fragrance > perfume > all perfumes"
        },
        {
          "name": "all aftershave",
          "label": "fragrance > aftershave > all aftershave"
        },
        {
          "name": "all aftershave",
          "label": "gift > gifts for him > all aftershave"
        },
        {
          "name": "all perfumes",
          "label": "gift > gifts for her > all perfumes"
        },
        {
          "name": "all aftershave",
          "label": "men's > aftershave > all aftershave"
        }
      ],
      [
        {
          "name": "all aftershave",
          "label": "toiletries > men's toiletries > aftershave > all aftershave"
        },
        {
          "name": "all aftershave",
          "label": "men's > men's toiletries > aftershave > all aftershave"
        }
      ]
    ],
    "reviews": {
      "average": 5,
      "count": 2,
      "rounded": 5
    },
    "parent": {
      "product": "2793636",
      "partNumber": "10323944.P",
      "model": "10323944",
      "manufacturerModel": "5291151"
    },
    "images": {
      "thumbnail": "https://boots.scene7.com/is/image/Boots/10323944?wid=45&hei=60&op_sharpen=1"
    },
    "offers": [
      {
        "text": "Free Exclusive Tom Ford Black Orchid 10ml when you buy Black Orchid Eau De Parfum 100ml or above - online only, while stocks last"
      },
      {
        "text": "Save up to 20 percent on selected fragrances"
      }
    ],
    "actions": {},
    "iconUri": "https://boots.scene7.com/is/image/Boots/10323944?op_sharpen=1",
    "title": "Tom Ford Black Orchid Eau de Parfum 150ml",
    "referenceUri": "/tom-ford-black-orchid-eau-de-parfum-150ml-10323944",
    "canAddToBasket": "yes",
    "opticians": false,
    "inStock": true,
    "expressDelivery": false,
    "hasOtherPromotion": true,
    "channelPromotionalTextMap": {
      "-1": [
        "Free Exclusive Tom Ford Black Orchid 10ml when you buy Black Orchid Eau De Parfum 100ml or above - online only, while stocks last",
        "Save up to 20 percent on selected fragrances"
      ],
      "-6": [
        "Free Exclusive Tom Ford Black Orchid 10ml when you buy Black Orchid Eau De Parfum 100ml or above - online only, while stocks last",
        "Save up to 20 percent on selected fragrances"
      ]
    },
    "adCardPoints": 477
  },
  {
    "_id": {
      "$oid": "65ec108d9884656b92f556c5"
    },
    "ppuQuantity": "50ML",
    "pricing": {
      "perUnit": "£180.20 per 100ML",
      "regular": {
        "value": 106,
        "currency": "GBP",
        "text": "£106.00"
      },
      "current": {
        "value": 90.1,
        "currency": "GBP",
        "text": "£90.10"
      },
      "saving": {
        "value": 15.9,
        "currency": "GBP",
        "text": "£15.90"
      }
    },
    "objectId": "1036210",
    "brand": "Tom Ford",
    "attributes": {
      "fragrance_scent": [
        "floral",
        "chypre",
        "amber"
      ],
      "StockOverrideMessage": "STOCK_COMING_SOON",
      "gender": [
        "womens",
        "mens",
        "unisex"
      ],
      "size": "41-50",
      "parentCategory_UK": "33071",
      "fragrance_type": [
        "aftershave",
        "eau de parfum"
      ],
      "format": "spray",
      "recipient": [
        "gifts for men",
        "gifts for women"
      ],
      "hasPriceAdvantageDeal": false,
      "Reporting_Category": "fragrance",
      "gift_type": "fragrance gifts",
      "ProductReviewFlag": "1"
    },
    "variants": {
      "colours": [],
      "hasColours": false,
      "hasSizes": false
    },
    "categories": [
      [
        {
          "name": "men's",
          "label": "men's"
        },
        {
          "name": "toiletries",
          "label": "toiletries"
        },
        {
          "name": "fragrance",
          "label": "fragrance"
        },
        {
          "name": "gift",
          "label": "gift"
        }
      ],
      [
        {
          "name": "aftershave",
          "label": "men's > aftershave"
        },
        {
          "name": "men's toiletries",
          "label": "toiletries > men's toiletries"
        },
        {
          "name": "men's toiletries",
          "label": "men's > men's toiletries"
        },
        {
          "name": "perfume",
          "label": "fragrance > perfume"
        },
        {
          "name": "aftershave",
          "label": "fragrance > aftershave"
        },
        {
          "name": "fragrance offers",
          "label": "fragrance > fragrance offers"
        },
        {
          "name": "recommended",
          "label": "fragrance > recommended"
        },
        {
          "name": "gifts for him",
          "label": "gift > gifts for him"
        },
        {
          "name": "gifts for her",
          "label": "gift > gifts for her"
        },
        {
          "name": "scent of wonder",
          "label": "fragrance > scent of wonder"
        },
        {
          "name": "all gifts",
          "label": "gift > all gifts"
        }
      ],
      [
        {
          "name": "aftershave",
          "label": "toiletries > men's toiletries > aftershave"
        },
        {
          "name": "aftershave",
          "label": "men's > men's toiletries > aftershave"
        },
        {
          "name": "all perfumes",
          "label": "fragrance > perfume > all perfumes"
        },
        {
          "name": "all aftershave",
          "label": "fragrance > aftershave > all aftershave"
        },
        {
          "name": "save 15 pounds",
          "label": "fragrance > fragrance offers > save 15 pounds"
        },
        {
          "name": "Collect £10 worth of points when you spend £60",
          "label": "fragrance > fragrance offers > Collect £10 worth of points when you spend £60"
        },
        {
          "name": "unisex fragrance",
          "label": "fragrance > recommended > unisex fragrance"
        },
        {
          "name": "all aftershave",
          "label": "gift > gifts for him > all aftershave"
        },
        {
          "name": "all perfumes",
          "label": "gift > gifts for her > all perfumes"
        },
        {
          "name": "all aftershave",
          "label": "men's > aftershave > all aftershave"
        }
      ],
      [
        {
          "name": "all aftershave",
          "label": "toiletries > men's toiletries > aftershave > all aftershave"
        },
        {
          "name": "all aftershave",
          "label": "men's > men's toiletries > aftershave > all aftershave"
        }
      ]
    ],
    "reviews": {
      "average": 4.28,
      "count": 944,
      "rounded": 4
    },
    "parent": {
      "product": "1036209",
      "partNumber": "10099323.P",
      "model": "10099323",
      "manufacturerModel": "6813372"
    },
    "images": {
      "thumbnail": "https://boots.scene7.com/is/image/Boots/10099323?wid=45&hei=60&op_sharpen=1"
    },
    "offers": [
      {
        "text": "Save up to 20 percent on selected fragrances"
      }
    ],
    "actions": {},
    "iconUri": "https://boots.scene7.com/is/image/Boots/10099323?op_sharpen=1",
    "title": "TOM FORD Black Orchid Eau de Parfum Spray 50ml",
    "referenceUri": "/tom-ford-black-orchid-eau-de-parfum-spray-50ml-10099323",
    "canAddToBasket": "yes",
    "opticians": false,
    "inStock": true,
    "expressDelivery": false,
    "hasOtherPromotion": true,
    "channelPromotionalTextMap": {
      "-1": [
        "Save up to 20 percent on selected fragrances"
      ],
      "-6": [
        "Save up to 20 percent on selected fragrances"
      ]
    },
    "adCardPoints": 270
  },
  {
    "_id": {
      "$oid": "65ec108d9884656b92f556c6"
    },
    "ppuQuantity": "100ML",
    "pricing": {
      "perUnit": "£127.50 per 100ML",
      "regular": {
        "value": 150,
        "currency": "GBP",
        "text": "£150.00"
      },
      "current": {
        "value": 127.5,
        "currency": "GBP",
        "text": "£127.50"
      },
      "saving": {
        "value": 22.5,
        "currency": "GBP",
        "text": "£22.50"
      }
    },
    "objectId": "2121451",
    "brand": "Tom Ford",
    "attributes": {
      "fragrance_scent": [
        "floral",
        "citrus",
        "amber"
      ],
      "StockOverrideMessage": "STOCK_COMING_SOON",
      "gender": [
        "unisex",
        "mens",
        "womens"
      ],
      "size": "71-100",
      "fragrance_type": [
        "aftershave",
        "eau de toilette"
      ],
      "format": "spray",
      "hasPriceAdvantageDeal": false,
      "Reporting_Category": "fragrance",
      "ProductReviewFlag": "1"
    },
    "variants": {
      "colours": [],
      "hasColours": false,
      "hasSizes": false
    },
    "categories": [
      [
        {
          "name": "men's",
          "label": "men's"
        },
        {
          "name": "toiletries",
          "label": "toiletries"
        },
        {
          "name": "fragrance",
          "label": "fragrance"
        },
        {
          "name": "gift",
          "label": "gift"
        }
      ],
      [
        {
          "name": "aftershave",
          "label": "men's > aftershave"
        },
        {
          "name": "men's toiletries",
          "label": "toiletries > men's toiletries"
        },
        {
          "name": "men's toiletries",
          "label": "men's > men's toiletries"
        },
        {
          "name": "perfume",
          "label": "fragrance > perfume"
        },
        {
          "name": "aftershave",
          "label": "fragrance > aftershave"
        },
        {
          "name": "gifts for him",
          "label": "gift > gifts for him"
        },
        {
          "name": "gifts for her",
          "label": "gift > gifts for her"
        }
      ],
      [
        {
          "name": "aftershave",
          "label": "toiletries > men's toiletries > aftershave"
        },
        {
          "name": "aftershave",
          "label": "men's > men's toiletries > aftershave"
        },
        {
          "name": "all perfumes",
          "label": "fragrance > perfume > all perfumes"
        },
        {
          "name": "floral perfume",
          "label": "fragrance > perfume > floral perfume"
        },
        {
          "name": "all aftershave",
          "label": "fragrance > aftershave > all aftershave"
        },
        {
          "name": "all aftershave",
          "label": "gift > gifts for him > all aftershave"
        },
        {
          "name": "all perfumes",
          "label": "gift > gifts for her > all perfumes"
        },
        {
          "name": "all aftershave",
          "label": "men's > aftershave > all aftershave"
        }
      ],
      [
        {
          "name": "all aftershave",
          "label": "toiletries > men's toiletries > aftershave > all aftershave"
        },
        {
          "name": "all aftershave",
          "label": "men's > men's toiletries > aftershave > all aftershave"
        }
      ]
    ],
    "reviews": {
      "average": 4.36,
      "count": 516,
      "rounded": 4
    },
    "parent": {
      "product": "2121450",
      "partNumber": "10246924.P",
      "model": "10246924",
      "manufacturerModel": "8167990"
    },
    "images": {
      "thumbnail": "https://boots.scene7.com/is/image/Boots/10246924?wid=45&hei=60&op_sharpen=1"
    },
    "offers": [
      {
        "text": "Save up to 20 percent on selected fragrances"
      }
    ],
    "actions": {},
    "iconUri": "https://boots.scene7.com/is/image/Boots/10246924?op_sharpen=1",
    "title": "TOM FORD Eau De Soleil Blanc Eau de Toilette 100ml",
    "referenceUri": "/tom-ford-eau-de-soleil-blanc-eau-de-toilette-100ml-10246924",
    "canAddToBasket": "yes",
    "opticians": false,
    "inStock": true,
    "expressDelivery": false,
    "hasOtherPromotion": true,
    "channelPromotionalTextMap": {
      "-1": [
        "Save up to 20 percent on selected fragrances"
      ],
      "-6": [
        "Save up to 20 percent on selected fragrances"
      ]
    },
    "adCardPoints": 381
  },
  {
    "_id": {
      "$oid": "65ec108d9884656b92f556c7"
    },
    "ppuQuantity": "100ML",
    "pricing": {
      "perUnit": "£127.50 per 100ML",
      "regular": {
        "value": 150,
        "currency": "GBP",
        "text": "£150.00"
      },
      "current": {
        "value": 127.5,
        "currency": "GBP",
        "text": "£127.50"
      },
      "saving": {
        "value": 22.5,
        "currency": "GBP",
        "text": "£22.50"
      }
    },
    "objectId": "1911334",
    "brand": "Tom Ford",
    "attributes": {
      "fragrance_scent": [
        "amber",
        "floral"
      ],
      "StockOverrideMessage": "STOCK_COMING_SOON",
      "size": "71-100",
      "gender": "womens",
      "parentCategory_UK": "33071",
      "fragrance_type": "eau de parfum",
      "format": "spray",
      "hasPriceAdvantageDeal": false,
      "Reporting_Category": "fragrance",
      "gift_type": "fragrance gifts",
      "ProductReviewFlag": "1"
    },
    "variants": {
      "colours": [],
      "hasColours": false,
      "hasSizes": false
    },
    "categories": [
      [
        {
          "name": "men's",
          "label": "men's"
        },
        {
          "name": "toiletries",
          "label": "toiletries"
        },
        {
          "name": "fragrance",
          "label": "fragrance"
        },
        {
          "name": "gift",
          "label": "gift"
        }
      ],
      [
        {
          "name": "aftershave",
          "label": "men's > aftershave"
        },
        {
          "name": "men's toiletries",
          "label": "toiletries > men's toiletries"
        },
        {
          "name": "men's toiletries",
          "label": "men's > men's toiletries"
        },
        {
          "name": "perfume",
          "label": "fragrance > perfume"
        },
        {
          "name": "aftershave",
          "label": "fragrance > aftershave"
        },
        {
          "name": "recommended",
          "label": "fragrance > recommended"
        },
        {
          "name": "gifts for him",
          "label": "gift > gifts for him"
        },
        {
          "name": "gifts for her",
          "label": "gift > gifts for her"
        },
        {
          "name": "5* rated perfumes & aftershaves",
          "label": "fragrance > 5* rated perfumes & aftershaves"
        }
      ],
      [
        {
          "name": "aftershave",
          "label": "toiletries > men's toiletries > aftershave"
        },
        {
          "name": "aftershave",
          "label": "men's > men's toiletries > aftershave"
        },
        {
          "name": "all perfumes",
          "label": "fragrance > perfume > all perfumes"
        },
        {
          "name": "floral perfume",
          "label": "fragrance > perfume > floral perfume"
        },
        {
          "name": "all aftershave",
          "label": "fragrance > aftershave > all aftershave"
        },
        {
          "name": "best floral perfumes",
          "label": "fragrance > recommended > best floral perfumes"
        },
        {
          "name": "all aftershave",
          "label": "gift > gifts for him > all aftershave"
        },
        {
          "name": "all perfumes",
          "label": "gift > gifts for her > all perfumes"
        },
        {
          "name": "all aftershave",
          "label": "men's > aftershave > all aftershave"
        }
      ],
      [
        {
          "name": "all aftershave",
          "label": "toiletries > men's toiletries > aftershave > all aftershave"
        },
        {
          "name": "all aftershave",
          "label": "men's > men's toiletries > aftershave > all aftershave"
        }
      ]
    ],
    "reviews": {
      "average": 4.4,
      "count": 25,
      "rounded": 4
    },
    "parent": {
      "product": "1911333",
      "partNumber": "10223354.P",
      "model": "10223354",
      "manufacturerModel": "6813801"
    },
    "images": {
      "thumbnail": "https://boots.scene7.com/is/image/Boots/10223354?wid=45&hei=60&op_sharpen=1"
    },
    "offers": [
      {
        "text": "Save up to 20 percent on selected fragrances"
      }
    ],
    "actions": {},
    "iconUri": "https://boots.scene7.com/is/image/Boots/10223354?op_sharpen=1",
    "title": "TOM FORD Velvet Orchid Eau de Parfum Spray 100ml",
    "referenceUri": "/tom-ford-velvet-orchid-eau-de-parfum-spray-100ml-10223354",
    "canAddToBasket": "yes",
    "opticians": false,
    "inStock": true,
    "expressDelivery": false,
    "hasOtherPromotion": true,
    "channelPromotionalTextMap": {
      "-1": [
        "Save up to 20 percent on selected fragrances"
      ],
      "-6": [
        "Save up to 20 percent on selected fragrances"
      ]
    },
    "adCardPoints": 381
  },
  {
    "_id": {
      "$oid": "65ec108d9884656b92f556c8"
    },
    "ppuQuantity": "50ML",
    "pricing": {
      "perUnit": "£180.20 per 100ML",
      "regular": {
        "value": 106,
        "currency": "GBP",
        "text": "£106.00"
      },
      "current": {
        "value": 90.1,
        "currency": "GBP",
        "text": "£90.10"
      },
      "saving": {
        "value": 15.9,
        "currency": "GBP",
        "text": "£15.90"
      }
    },
    "objectId": "2177547",
    "brand": "Tom Ford",
    "attributes": {
      "fragrance_scent": [
        "floral",
        "woody"
      ],
      "StockOverrideMessage": "STOCK_COMING_SOON",
      "gender": [
        "unisex",
        "mens",
        "womens"
      ],
      "size": "41-50",
      "fragrance_type": [
        "aftershave",
        "eau de parfum"
      ],
      "format": "spray",
      "recipient": [
        "gifts for women",
        "gifts for men"
      ],
      "hasPriceAdvantageDeal": false,
      "Reporting_Category": "fragrance",
      "gift_type": "fragrance gifts",
      "ProductReviewFlag": "1"
    },
    "variants": {
      "colours": [],
      "hasColours": false,
      "hasSizes": false
    },
    "categories": [
      [
        {
          "name": "men's",
          "label": "men's"
        },
        {
          "name": "toiletries",
          "label": "toiletries"
        },
        {
          "name": "fragrance",
          "label": "fragrance"
        },
        {
          "name": "gift",
          "label": "gift"
        }
      ],
      [
        {
          "name": "aftershave",
          "label": "men's > aftershave"
        },
        {
          "name": "men's toiletries",
          "label": "toiletries > men's toiletries"
        },
        {
          "name": "men's toiletries",
          "label": "men's > men's toiletries"
        },
        {
          "name": "perfume",
          "label": "fragrance > perfume"
        },
        {
          "name": "aftershave",
          "label": "fragrance > aftershave"
        },
        {
          "name": "fragrance offers",
          "label": "fragrance > fragrance offers"
        },
        {
          "name": "recommended",
          "label": "fragrance > recommended"
        },
        {
          "name": "gifts for him",
          "label": "gift > gifts for him"
        },
        {
          "name": "gifts for her",
          "label": "gift > gifts for her"
        }
      ],
      [
        {
          "name": "aftershave",
          "label": "toiletries > men's toiletries > aftershave"
        },
        {
          "name": "aftershave",
          "label": "men's > men's toiletries > aftershave"
        },
        {
          "name": "all perfumes",
          "label": "fragrance > perfume > all perfumes"
        },
        {
          "name": "floral perfume",
          "label": "fragrance > perfume > floral perfume"
        },
        {
          "name": "all aftershave",
          "label": "fragrance > aftershave > all aftershave"
        },
        {
          "name": "save up to 20% on fragrance",
          "label": "fragrance > fragrance offers > save up to 20% on fragrance"
        },
        {
          "name": "unisex fragrance",
          "label": "fragrance > recommended > unisex fragrance"
        },
        {
          "name": "all aftershave",
          "label": "gift > gifts for him > all aftershave"
        },
        {
          "name": "all perfumes",
          "label": "gift > gifts for her > all perfumes"
        },
        {
          "name": "all aftershave",
          "label": "men's > aftershave > all aftershave"
        }
      ],
      [
        {
          "name": "all aftershave",
          "label": "toiletries > men's toiletries > aftershave > all aftershave"
        },
        {
          "name": "all aftershave",
          "label": "men's > men's toiletries > aftershave > all aftershave"
        }
      ]
    ],
    "reviews": {
      "average": 4.23,
      "count": 1466,
      "rounded": 4
    },
    "parent": {
      "product": "2177546",
      "partNumber": "10255572.P",
      "model": "10255572",
      "manufacturerModel": "8320233"
    },
    "images": {
      "thumbnail": "https://boots.scene7.com/is/image/Boots/10255572?wid=45&hei=60&op_sharpen=1"
    },
    "offers": [
      {
        "text": "Save 15 percent on selected fragrance"
      }
    ],
    "actions": {},
    "iconUri": "https://boots.scene7.com/is/image/Boots/10255572?op_sharpen=1",
    "title": "TOM FORD Ombré Leather Eau de Parfum 50ml",
    "referenceUri": "/tom-ford-ombre-leather-eau-de-parfum-50ml-10255572",
    "canAddToBasket": "yes",
    "opticians": false,
    "inStock": true,
    "expressDelivery": false,
    "hasOtherPromotion": true,
    "channelPromotionalTextMap": {
      "-1": [
        "Save 15 percent on selected fragrance"
      ],
      "-6": [
        "Save 15 percent on selected fragrance"
      ]
    },
    "adCardPoints": 270
  },
  {
    "_id": {
      "$oid": "65ec108d9884656b92f556c9"
    },
    "ppuQuantity": "50ML",
    "pricing": {
      "perUnit": "£180.20 per 100ML",
      "regular": {
        "value": 106,
        "currency": "GBP",
        "text": "£106.00"
      },
      "current": {
        "value": 90.1,
        "currency": "GBP",
        "text": "£90.10"
      },
      "saving": {
        "value": 15.9,
        "currency": "GBP",
        "text": "£15.90"
      }
    },
    "objectId": "2121453",
    "brand": "Tom Ford",
    "attributes": {
      "fragrance_scent": [
        "amber",
        "floral",
        "citrus"
      ],
      "product_type": "perfume",
      "StockOverrideMessage": "STOCK_COMING_SOON",
      "gender": [
        "unisex",
        "mens",
        "womens"
      ],
      "size": "41-50",
      "fragrance_type": [
        "aftershave",
        "eau de toilette"
      ],
      "format": "spray",
      "hasPriceAdvantageDeal": false,
      "Reporting_Category": "fragrance",
      "ProductReviewFlag": "1"
    },
    "variants": {
      "colours": [],
      "hasColours": false,
      "hasSizes": false
    },
    "categories": [
      [
        {
          "name": "men's",
          "label": "men's"
        },
        {
          "name": "toiletries",
          "label": "toiletries"
        },
        {
          "name": "fragrance",
          "label": "fragrance"
        },
        {
          "name": "gift",
          "label": "gift"
        }
      ],
      [
        {
          "name": "aftershave",
          "label": "men's > aftershave"
        },
        {
          "name": "men's toiletries",
          "label": "toiletries > men's toiletries"
        },
        {
          "name": "men's toiletries",
          "label": "men's > men's toiletries"
        },
        {
          "name": "perfume",
          "label": "fragrance > perfume"
        },
        {
          "name": "aftershave",
          "label": "fragrance > aftershave"
        },
        {
          "name": "gifts for him",
          "label": "gift > gifts for him"
        },
        {
          "name": "gifts for her",
          "label": "gift > gifts for her"
        }
      ],
      [
        {
          "name": "aftershave",
          "label": "toiletries > men's toiletries > aftershave"
        },
        {
          "name": "aftershave",
          "label": "men's > men's toiletries > aftershave"
        },
        {
          "name": "all perfumes",
          "label": "fragrance > perfume > all perfumes"
        },
        {
          "name": "floral perfume",
          "label": "fragrance > perfume > floral perfume"
        },
        {
          "name": "all aftershave",
          "label": "fragrance > aftershave > all aftershave"
        },
        {
          "name": "all aftershave",
          "label": "gift > gifts for him > all aftershave"
        },
        {
          "name": "all perfumes",
          "label": "gift > gifts for her > all perfumes"
        },
        {
          "name": "all aftershave",
          "label": "men's > aftershave > all aftershave"
        }
      ],
      [
        {
          "name": "all aftershave",
          "label": "toiletries > men's toiletries > aftershave > all aftershave"
        },
        {
          "name": "all aftershave",
          "label": "men's > men's toiletries > aftershave > all aftershave"
        }
      ]
    ],
    "reviews": {
      "average": 4.36,
      "count": 516,
      "rounded": 4
    },
    "parent": {
      "product": "2121452",
      "partNumber": "10246925.P",
      "model": "10246925",
      "manufacturerModel": "8167982"
    },
    "images": {
      "thumbnail": "https://boots.scene7.com/is/image/Boots/10246925?wid=45&hei=60&op_sharpen=1"
    },
    "offers": [
      {
        "text": "Save up to 20 percent on selected fragrances"
      }
    ],
    "actions": {},
    "iconUri": "https://boots.scene7.com/is/image/Boots/10246925?op_sharpen=1",
    "title": "TOM FORD Eau De Soleil Blanc Eau de Toilette 50ml",
    "referenceUri": "/tom-ford-eau-de-soleil-blanc-eau-de-toilette-50ml-10246925",
    "canAddToBasket": "yes",
    "opticians": false,
    "inStock": true,
    "expressDelivery": false,
    "hasOtherPromotion": true,
    "channelPromotionalTextMap": {
      "-1": [
        "Save up to 20 percent on selected fragrances"
      ],
      "-6": [
        "Save up to 20 percent on selected fragrances"
      ]
    },
    "adCardPoints": 270
  },
  {
    "_id": {
      "$oid": "65ec108d9884656b92f556ca"
    },
    "ppuQuantity": "150ML",
    "pricing": {
      "perUnit": "£106.53 per 100ML",
      "regular": {
        "value": 188,
        "currency": "GBP",
        "text": "£188.00"
      },
      "current": {
        "value": 159.8,
        "currency": "GBP",
        "text": "£159.80"
      },
      "saving": {
        "value": 28.2,
        "currency": "GBP",
        "text": "£28.20"
      }
    },
    "objectId": "2822723",
    "brand": "Tom Ford",
    "attributes": {
      "fragrance_scent": [
        "woody",
        "floral"
      ],
      "StockOverrideMessage": "STOCK_COMING_SOON",
      "size": "101-150",
      "gender": [
        "mens",
        "womens",
        "unisex"
      ],
      "format": "spray",
      "fragrance_type": "eau de parfum",
      "hasPriceAdvantageDeal": false,
      "ProductReviewFlag": "1"
    },
    "variants": {
      "colours": [],
      "hasColours": false,
      "hasSizes": false
    },
    "categories": [
      [
        {
          "name": "new in",
          "label": "new in"
        },
        {
          "name": "toiletries",
          "label": "toiletries"
        },
        {
          "name": "men's",
          "label": "men's"
        },
        {
          "name": "fragrance",
          "label": "fragrance"
        },
        {
          "name": "gift",
          "label": "gift"
        }
      ],
      [
        {
          "name": "new in fragrance",
          "label": "new in > new in fragrance"
        },
        {
          "name": "men's toiletries",
          "label": "toiletries > men's toiletries"
        },
        {
          "name": "men's toiletries",
          "label": "men's > men's toiletries"
        },
        {
          "name": "perfume",
          "label": "fragrance > perfume"
        },
        {
          "name": "aftershave",
          "label": "fragrance > aftershave"
        },
        {
          "name": "gifts for him",
          "label": "gift > gifts for him"
        },
        {
          "name": "gifts for her",
          "label": "gift > gifts for her"
        },
        {
          "name": "aftershave",
          "label": "men's > aftershave"
        },
        {
          "name": "new in fragrance",
          "label": "fragrance > new in fragrance"
        }
      ],
      [
        {
          "name": "aftershave",
          "label": "toiletries > men's toiletries > aftershave"
        },
        {
          "name": "aftershave",
          "label": "men's > men's toiletries > aftershave"
        },
        {
          "name": "all perfumes",
          "label": "fragrance > perfume > all perfumes"
        },
        {
          "name": "all aftershave",
          "label": "fragrance > aftershave > all aftershave"
        },
        {
          "name": "all aftershave",
          "label": "gift > gifts for him > all aftershave"
        },
        {
          "name": "all perfumes",
          "label": "gift > gifts for her > all perfumes"
        },
        {
          "name": "all aftershave",
          "label": "men's > aftershave > all aftershave"
        }
      ],
      [
        {
          "name": "all aftershave",
          "label": "toiletries > men's toiletries > aftershave > all aftershave"
        },
        {
          "name": "all aftershave",
          "label": "men's > men's toiletries > aftershave > all aftershave"
        }
      ]
    ],
    "reviews": {
      "average": 5,
      "count": 2,
      "rounded": 5
    },
    "parent": {
      "product": "2822722",
      "partNumber": "10327024.P",
      "model": "10327024",
      "manufacturerModel": "5451388"
    },
    "images": {
      "thumbnail": "https://boots.scene7.com/is/image/Boots/10327024?wid=45&hei=60&op_sharpen=1"
    },
    "offers": [
      {
        "text": "Save up to 20 percent on selected fragrances"
      }
    ],
    "actions": {},
    "iconUri": "https://boots.scene7.com/is/image/Boots/10327024?op_sharpen=1",
    "title": "Tom Ford Ombre Leather Eau de Parfum 150ml",
    "referenceUri": "/tom-ford-ombre-leather-eau-de-parfum-150ml-10327024",
    "canAddToBasket": "yes",
    "opticians": false,
    "inStock": true,
    "expressDelivery": false,
    "hasOtherPromotion": true,
    "channelPromotionalTextMap": {
      "-1": [
        "Save up to 20 percent on selected fragrances"
      ],
      "-6": [
        "Save up to 20 percent on selected fragrances"
      ]
    },
    "adCardPoints": 477
  },
  {
    "_id": {
      "$oid": "65ec108d9884656b92f556cb"
    },
    "ppuQuantity": "100ML",
    "pricing": {
      "perUnit": "£153.00 per 100ML",
      "regular": {
        "value": 180,
        "currency": "GBP",
        "text": "£180.00"
      },
      "current": {
        "value": 153,
        "currency": "GBP",
        "text": "£153.00"
      },
      "saving": {
        "value": 27,
        "currency": "GBP",
        "text": "£27.00"
      }
    },
    "objectId": "2575059",
    "brand": "Tom Ford",
    "attributes": {
      "fragrance_scent": [
        "floral",
        "woody",
        "spicy"
      ],
      "gender": [
        "mens",
        "unisex",
        "womens"
      ],
      "StockOverrideMessage": "STOCK_COMING_SOON",
      "size": "71-100",
      "fragrance_type": [
        "aftershave",
        "parfum"
      ],
      "format": "spray",
      "hasPriceAdvantageDeal": false,
      "Reporting_Category": "fragrance",
      "ProductReviewFlag": "1"
    },
    "variants": {
      "colours": [],
      "hasColours": false,
      "hasSizes": false
    },
    "categories": [
      [
        {
          "name": "men's",
          "label": "men's"
        },
        {
          "name": "toiletries",
          "label": "toiletries"
        },
        {
          "name": "fragrance",
          "label": "fragrance"
        },
        {
          "name": "gift",
          "label": "gift"
        }
      ],
      [
        {
          "name": "men's toiletries",
          "label": "men's > men's toiletries"
        },
        {
          "name": "men's toiletries",
          "label": "toiletries > men's toiletries"
        },
        {
          "name": "perfume",
          "label": "fragrance > perfume"
        },
        {
          "name": "aftershave",
          "label": "fragrance > aftershave"
        },
        {
          "name": "gifts for him",
          "label": "gift > gifts for him"
        },
        {
          "name": "gifts for her",
          "label": "gift > gifts for her"
        },
        {
          "name": "aftershave",
          "label": "men's > aftershave"
        },
        {
          "name": "5* rated perfumes & aftershaves",
          "label": "fragrance > 5* rated perfumes & aftershaves"
        }
      ],
      [
        {
          "name": "aftershave",
          "label": "toiletries > men's toiletries > aftershave"
        },
        {
          "name": "aftershave",
          "label": "men's > men's toiletries > aftershave"
        },
        {
          "name": "all perfumes",
          "label": "fragrance > perfume > all perfumes"
        },
        {
          "name": "floral perfume",
          "label": "fragrance > perfume > floral perfume"
        },
        {
          "name": "all aftershave",
          "label": "fragrance > aftershave > all aftershave"
        },
        {
          "name": "all aftershave",
          "label": "gift > gifts for him > all aftershave"
        },
        {
          "name": "all perfumes",
          "label": "gift > gifts for her > all perfumes"
        },
        {
          "name": "all aftershave",
          "label": "men's > aftershave > all aftershave"
        }
      ],
      [
        {
          "name": "all aftershave",
          "label": "toiletries > men's toiletries > aftershave > all aftershave"
        },
        {
          "name": "all aftershave",
          "label": "men's > men's toiletries > aftershave > all aftershave"
        }
      ]
    ],
    "reviews": {
      "average": 4.91,
      "count": 11,
      "rounded": 4
    },
    "parent": {
      "product": "2575058",
      "partNumber": "10299532.P",
      "model": "10299532",
      "manufacturerModel": "4909623"
    },
    "images": {
      "thumbnail": "https://boots.scene7.com/is/image/Boots/10299532?wid=45&hei=60&op_sharpen=1"
    },
    "offers": [
      {
        "text": "Save up to 20 percent on selected fragrances"
      }
    ],
    "actions": {},
    "iconUri": "https://boots.scene7.com/is/image/Boots/10299532?op_sharpen=1",
    "title": "TOM FORD Ombré Leather Parfum 100ml",
    "referenceUri": "/tom-ford-ombr%C3%A9-leather-parfum-100ml-10299532",
    "canAddToBasket": "yes",
    "opticians": false,
    "inStock": true,
    "expressDelivery": false,
    "hasOtherPromotion": true,
    "channelPromotionalTextMap": {
      "-1": [
        "Save up to 20 percent on selected fragrances"
      ],
      "-6": [
        "Save up to 20 percent on selected fragrances"
      ]
    },
    "adCardPoints": 459
  },
  {
    "_id": {
      "$oid": "65ec108d9884656b92f556cc"
    },
    "ppuQuantity": "100ML",
    "pricing": {
      "perUnit": "£153.00 per 100ML",
      "regular": {
        "value": 180,
        "currency": "GBP",
        "text": "£180.00"
      },
      "current": {
        "value": 153,
        "currency": "GBP",
        "text": "£153.00"
      },
      "saving": {
        "value": 27,
        "currency": "GBP",
        "text": "£27.00"
      }
    },
    "objectId": "2439440",
    "brand": "Tom Ford",
    "attributes": {
      "fragrance_scent": [
        "floral",
        "amber",
        "chypre"
      ],
      "StockOverrideMessage": "STOCK_COMING_SOON",
      "gender": [
        "unisex",
        "womens",
        "mens"
      ],
      "size": "71-100",
      "fragrance_type": [
        "parfum",
        "aftershave"
      ],
      "format": "spray",
      "hasPriceAdvantageDeal": false,
      "Reporting_Category": "fragrance",
      "ProductReviewFlag": "1"
    },
    "variants": {
      "colours": [],
      "hasColours": false,
      "hasSizes": false
    },
    "categories": [
      [
        {
          "name": "men's",
          "label": "men's"
        },
        {
          "name": "toiletries",
          "label": "toiletries"
        },
        {
          "name": "fragrance",
          "label": "fragrance"
        },
        {
          "name": "gift",
          "label": "gift"
        }
      ],
      [
        {
          "name": "aftershave",
          "label": "men's > aftershave"
        },
        {
          "name": "men's toiletries",
          "label": "toiletries > men's toiletries"
        },
        {
          "name": "men's toiletries",
          "label": "men's > men's toiletries"
        },
        {
          "name": "perfume",
          "label": "fragrance > perfume"
        },
        {
          "name": "aftershave",
          "label": "fragrance > aftershave"
        },
        {
          "name": "recommended",
          "label": "fragrance > recommended"
        },
        {
          "name": "gifts for him",
          "label": "gift > gifts for him"
        },
        {
          "name": "gifts for her",
          "label": "gift > gifts for her"
        },
        {
          "name": "Eid gifts",
          "label": "gift > Eid gifts"
        },
        {
          "name": "luxury gifts",
          "label": "gift > luxury gifts"
        }
      ],
      [
        {
          "name": "aftershave",
          "label": "toiletries > men's toiletries > aftershave"
        },
        {
          "name": "aftershave",
          "label": "men's > men's toiletries > aftershave"
        },
        {
          "name": "all perfumes",
          "label": "fragrance > perfume > all perfumes"
        },
        {
          "name": "all aftershave",
          "label": "fragrance > aftershave > all aftershave"
        },
        {
          "name": "unisex fragrance",
          "label": "fragrance > recommended > unisex fragrance"
        },
        {
          "name": "all aftershave",
          "label": "gift > gifts for him > all aftershave"
        },
        {
          "name": "all perfumes",
          "label": "gift > gifts for her > all perfumes"
        },
        {
          "name": "all aftershave",
          "label": "men's > aftershave > all aftershave"
        }
      ],
      [
        {
          "name": "all aftershave",
          "label": "toiletries > men's toiletries > aftershave > all aftershave"
        },
        {
          "name": "all aftershave",
          "label": "men's > men's toiletries > aftershave > all aftershave"
        }
      ]
    ],
    "reviews": {
      "average": 4.4,
      "count": 2814,
      "rounded": 4
    },
    "parent": {
      "product": "2439439",
      "partNumber": "10286583.P",
      "model": "10286583",
      "manufacturerModel": "8987173"
    },
    "images": {
      "thumbnail": "https://boots.scene7.com/is/image/Boots/10286583?wid=45&hei=60&op_sharpen=1"
    },
    "offers": [
      {
        "text": "Save up to 20 percent on selected fragrances"
      }
    ],
    "actions": {},
    "iconUri": "https://boots.scene7.com/is/image/Boots/10286583?op_sharpen=1",
    "title": "TOM FORD Black Orchid Parfum 100ml",
    "referenceUri": "/tom-ford-black-orchid-parfum-100ml-10286583",
    "canAddToBasket": "yes",
    "opticians": false,
    "inStock": true,
    "expressDelivery": false,
    "hasOtherPromotion": true,
    "channelPromotionalTextMap": {
      "-1": [
        "Save up to 20 percent on selected fragrances"
      ],
      "-6": [
        "Save up to 20 percent on selected fragrances"
      ]
    },
    "adCardPoints": 459
  },
  {
    "_id": {
      "$oid": "65ec108d9884656b92f556cd"
    },
    "ppuQuantity": "50ML",
    "pricing": {
      "perUnit": "£180.20 per 100ML",
      "regular": {
        "value": 106,
        "currency": "GBP",
        "text": "£106.00"
      },
      "current": {
        "value": 90.1,
        "currency": "GBP",
        "text": "£90.10"
      },
      "saving": {
        "value": 15.9,
        "currency": "GBP",
        "text": "£15.90"
      }
    },
    "objectId": "1911332",
    "brand": "Tom Ford",
    "attributes": {
      "fragrance_scent": [
        "amber",
        "floral"
      ],
      "gender": "womens",
      "StockOverrideMessage": "STOCK_COMING_SOON",
      "size": "41-50",
      "parentCategory_UK": "33071",
      "fragrance_type": "eau de parfum",
      "format": "spray",
      "recipient": "gifts for women",
      "hasPriceAdvantageDeal": false,
      "Reporting_Category": "fragrance",
      "gift_type": "fragrance gifts",
      "ProductReviewFlag": "1"
    },
    "variants": {
      "colours": [],
      "hasColours": false,
      "hasSizes": false
    },
    "categories": [
      [
        {
          "name": "fragrance",
          "label": "fragrance"
        },
        {
          "name": "gift",
          "label": "gift"
        }
      ],
      [
        {
          "name": "recommended",
          "label": "fragrance > recommended"
        },
        {
          "name": "perfume",
          "label": "fragrance > perfume"
        },
        {
          "name": "fragrance offers",
          "label": "fragrance > fragrance offers"
        },
        {
          "name": "gifts for her",
          "label": "gift > gifts for her"
        },
        {
          "name": "5* rated perfumes & aftershaves",
          "label": "fragrance > 5* rated perfumes & aftershaves"
        }
      ],
      [
        {
          "name": "all perfumes",
          "label": "fragrance > perfume > all perfumes"
        },
        {
          "name": "floral perfume",
          "label": "fragrance > perfume > floral perfume"
        },
        {
          "name": "amber perfume",
          "label": "fragrance > perfume > amber perfume"
        },
        {
          "name": "Collect £10 worth of points when you spend £60",
          "label": "fragrance > fragrance offers > Collect £10 worth of points when you spend £60"
        },
        {
          "name": "best floral perfumes",
          "label": "fragrance > recommended > best floral perfumes"
        },
        {
          "name": "all perfumes",
          "label": "gift > gifts for her > all perfumes"
        }
      ]
    ],
    "reviews": {
      "average": 4.4,
      "count": 25,
      "rounded": 4
    },
    "parent": {
      "product": "1911331",
      "partNumber": "10223353.P",
      "model": "10223353",
      "manufacturerModel": "6813798"
    },
    "images": {
      "thumbnail": "https://boots.scene7.com/is/image/Boots/10223353?wid=45&hei=60&op_sharpen=1"
    },
    "offers": [
      {
        "text": "Save up to 20 percent on selected fragrances"
      }
    ],
    "actions": {},
    "iconUri": "https://boots.scene7.com/is/image/Boots/10223353?op_sharpen=1",
    "title": "TOM FORD Velvet Orchid Eau de Parfum Spray 50ml",
    "referenceUri": "/tom-ford-velvet-orchid-eau-de-parfum-spray-50ml-10223353",
    "canAddToBasket": "yes",
    "opticians": false,
    "inStock": true,
    "expressDelivery": false,
    "hasOtherPromotion": true,
    "channelPromotionalTextMap": {
      "-1": [
        "Save up to 20 percent on selected fragrances"
      ],
      "-6": [
        "Save up to 20 percent on selected fragrances"
      ]
    },
    "adCardPoints": 270
  },
  {
    "_id": {
      "$oid": "65ec108d9884656b92f556ce"
    },
    "ppuQuantity": "50ML",
    "pricing": {
      "perUnit": "£224.40 per 100ML",
      "regular": {
        "value": 132,
        "currency": "GBP",
        "text": "£132.00"
      },
      "current": {
        "value": 112.2,
        "currency": "GBP",
        "text": "£112.20"
      },
      "saving": {
        "value": 19.8,
        "currency": "GBP",
        "text": "£19.80"
      }
    },
    "objectId": "2575057",
    "brand": "Tom Ford",
    "attributes": {
      "fragrance_scent": [
        "spicy",
        "woody",
        "floral"
      ],
      "gender": [
        "unisex",
        "womens",
        "mens"
      ],
      "size": "41-50",
      "StockOverrideMessage": "STOCK_COMING_SOON",
      "fragrance_type": [
        "parfum",
        "aftershave"
      ],
      "format": "spray",
      "hasPriceAdvantageDeal": false,
      "Reporting_Category": "fragrance",
      "ProductReviewFlag": "1"
    },
    "variants": {
      "colours": [],
      "hasColours": false,
      "hasSizes": false
    },
    "categories": [
      [
        {
          "name": "men's",
          "label": "men's"
        },
        {
          "name": "toiletries",
          "label": "toiletries"
        },
        {
          "name": "fragrance",
          "label": "fragrance"
        },
        {
          "name": "gift",
          "label": "gift"
        }
      ],
      [
        {
          "name": "men's toiletries",
          "label": "men's > men's toiletries"
        },
        {
          "name": "men's toiletries",
          "label": "toiletries > men's toiletries"
        },
        {
          "name": "perfume",
          "label": "fragrance > perfume"
        },
        {
          "name": "aftershave",
          "label": "fragrance > aftershave"
        },
        {
          "name": "gifts for him",
          "label": "gift > gifts for him"
        },
        {
          "name": "gifts for her",
          "label": "gift > gifts for her"
        },
        {
          "name": "aftershave",
          "label": "men's > aftershave"
        }
      ],
      [
        {
          "name": "aftershave",
          "label": "toiletries > men's toiletries > aftershave"
        },
        {
          "name": "aftershave",
          "label": "men's > men's toiletries > aftershave"
        },
        {
          "name": "all perfumes",
          "label": "fragrance > perfume > all perfumes"
        },
        {
          "name": "floral perfume",
          "label": "fragrance > perfume > floral perfume"
        },
        {
          "name": "all aftershave",
          "label": "fragrance > aftershave > all aftershave"
        },
        {
          "name": "all aftershave",
          "label": "gift > gifts for him > all aftershave"
        },
        {
          "name": "all perfumes",
          "label": "gift > gifts for her > all perfumes"
        },
        {
          "name": "all aftershave",
          "label": "men's > aftershave > all aftershave"
        }
      ],
      [
        {
          "name": "all aftershave",
          "label": "toiletries > men's toiletries > aftershave > all aftershave"
        },
        {
          "name": "all aftershave",
          "label": "men's > men's toiletries > aftershave > all aftershave"
        }
      ]
    ],
    "reviews": {
      "average": 4.33,
      "count": 729,
      "rounded": 4
    },
    "parent": {
      "product": "2575056",
      "partNumber": "10299531.P",
      "model": "10299531",
      "manufacturerModel": "4909615"
    },
    "images": {
      "thumbnail": "https://boots.scene7.com/is/image/Boots/10299531?wid=45&hei=60&op_sharpen=1"
    },
    "offers": [
      {
        "text": "Save up to 20 percent on selected fragrances"
      }
    ],
    "actions": {},
    "iconUri": "https://boots.scene7.com/is/image/Boots/10299531?op_sharpen=1",
    "title": "TOM FORD Ombré Leather Parfum 50ml",
    "referenceUri": "/tom-ford-ombr%C3%A9-leather-parfum-50ml-10299531",
    "canAddToBasket": "yes",
    "opticians": false,
    "inStock": true,
    "expressDelivery": false,
    "hasOtherPromotion": true,
    "channelPromotionalTextMap": {
      "-1": [
        "Save up to 20 percent on selected fragrances"
      ],
      "-6": [
        "Save up to 20 percent on selected fragrances"
      ]
    },
    "adCardPoints": 336
  },
  {
    "_id": {
      "$oid": "65ec108d9884656b92f556cf"
    },
    "ppuQuantity": "100ML",
    "pricing": {
      "perUnit": "£106.25 per 100ML",
      "regular": {
        "value": 125,
        "currency": "GBP",
        "text": "£125.00"
      },
      "current": {
        "value": 106.25,
        "currency": "GBP",
        "text": "£106.25"
      },
      "saving": {
        "value": 18.75,
        "currency": "GBP",
        "text": "£18.75"
      }
    },
    "objectId": "2816091",
    "brand": "Tom Ford",
    "attributes": {
      "fragrance_scent": [
        "woody",
        "amber"
      ],
      "StockOverrideMessage": "STOCK_COMING_SOON",
      "size": "101-150",
      "gender": "mens",
      "fragrance_type": "eau de toilette",
      "format": "spray",
      "hasPriceAdvantageDeal": false,
      "ProductReviewFlag": "1"
    },
    "variants": {
      "colours": [],
      "hasColours": false,
      "hasSizes": false
    },
    "categories": [
      [
        {
          "name": "new in",
          "label": "new in"
        },
        {
          "name": "toiletries",
          "label": "toiletries"
        },
        {
          "name": "men's",
          "label": "men's"
        },
        {
          "name": "fragrance",
          "label": "fragrance"
        },
        {
          "name": "gift",
          "label": "gift"
        }
      ],
      [
        {
          "name": "new in fragrance",
          "label": "new in > new in fragrance"
        },
        {
          "name": "men's toiletries",
          "label": "toiletries > men's toiletries"
        },
        {
          "name": "men's toiletries",
          "label": "men's > men's toiletries"
        },
        {
          "name": "perfume",
          "label": "fragrance > perfume"
        },
        {
          "name": "aftershave",
          "label": "fragrance > aftershave"
        },
        {
          "name": "gifts for him",
          "label": "gift > gifts for him"
        },
        {
          "name": "gifts for her",
          "label": "gift > gifts for her"
        },
        {
          "name": "aftershave",
          "label": "men's > aftershave"
        },
        {
          "name": "new in fragrance",
          "label": "fragrance > new in fragrance"
        }
      ],
      [
        {
          "name": "aftershave",
          "label": "toiletries > men's toiletries > aftershave"
        },
        {
          "name": "aftershave",
          "label": "men's > men's toiletries > aftershave"
        },
        {
          "name": "all perfumes",
          "label": "fragrance > perfume > all perfumes"
        },
        {
          "name": "all aftershave",
          "label": "fragrance > aftershave > all aftershave"
        },
        {
          "name": "all aftershave",
          "label": "gift > gifts for him > all aftershave"
        },
        {
          "name": "all perfumes",
          "label": "gift > gifts for her > all perfumes"
        },
        {
          "name": "all aftershave",
          "label": "men's > aftershave > all aftershave"
        }
      ],
      [
        {
          "name": "all aftershave",
          "label": "toiletries > men's toiletries > aftershave > all aftershave"
        },
        {
          "name": "all aftershave",
          "label": "men's > men's toiletries > aftershave > all aftershave"
        }
      ]
    ],
    "reviews": {
      "average": 5,
      "count": 1,
      "rounded": 5
    },
    "parent": {
      "product": "2816090",
      "partNumber": "10326435.P",
      "model": "10326435",
      "manufacturerModel": "5437911"
    },
    "images": {
      "thumbnail": "https://boots.scene7.com/is/image/Boots/10326435?wid=45&hei=60&op_sharpen=1"
    },
    "offers": [
      {
        "text": "Save up to 20 percent on selected fragrances"
      }
    ],
    "actions": {},
    "iconUri": "https://boots.scene7.com/is/image/Boots/10326435?op_sharpen=1",
    "title": "Tom Ford Black Orchid Eau de Toilette 100ml",
    "referenceUri": "/tom-ford-black-orchid-eau-de-toilette-100ml-10326435",
    "canAddToBasket": "yes",
    "opticians": false,
    "inStock": true,
    "expressDelivery": false,
    "hasOtherPromotion": true,
    "channelPromotionalTextMap": {
      "-1": [
        "Save up to 20 percent on selected fragrances"
      ],
      "-6": [
        "Save up to 20 percent on selected fragrances"
      ]
    },
    "adCardPoints": 318
  },
  {
    "_id": {
      "$oid": "65ec108d9884656b92f556d0"
    },
    "ppuQuantity": "50ML",
    "pricing": {
      "perUnit": "£224.40 per 100ML",
      "regular": {
        "value": 132,
        "currency": "GBP",
        "text": "£132.00"
      },
      "current": {
        "value": 112.2,
        "currency": "GBP",
        "text": "£112.20"
      },
      "saving": {
        "value": 19.8,
        "currency": "GBP",
        "text": "£19.80"
      }
    },
    "objectId": "2439442",
    "brand": "Tom Ford",
    "attributes": {
      "fragrance_scent": [
        "amber",
        "chypre",
        "floral"
      ],
      "gender": [
        "womens",
        "unisex",
        "mens"
      ],
      "StockOverrideMessage": "STOCK_COMING_SOON",
      "size": "41-50",
      "fragrance_type": [
        "parfum",
        "aftershave"
      ],
      "format": "spray",
      "hasPriceAdvantageDeal": false,
      "Reporting_Category": "fragrance",
      "ProductReviewFlag": "1"
    },
    "variants": {
      "colours": [],
      "hasColours": false,
      "hasSizes": false
    },
    "categories": [
      [
        {
          "name": "men's",
          "label": "men's"
        },
        {
          "name": "toiletries",
          "label": "toiletries"
        },
        {
          "name": "fragrance",
          "label": "fragrance"
        },
        {
          "name": "gift",
          "label": "gift"
        }
      ],
      [
        {
          "name": "aftershave",
          "label": "men's > aftershave"
        },
        {
          "name": "men's toiletries",
          "label": "toiletries > men's toiletries"
        },
        {
          "name": "men's toiletries",
          "label": "men's > men's toiletries"
        },
        {
          "name": "perfume",
          "label": "fragrance > perfume"
        },
        {
          "name": "aftershave",
          "label": "fragrance > aftershave"
        },
        {
          "name": "recommended",
          "label": "fragrance > recommended"
        },
        {
          "name": "gifts for him",
          "label": "gift > gifts for him"
        },
        {
          "name": "gifts for her",
          "label": "gift > gifts for her"
        }
      ],
      [
        {
          "name": "aftershave",
          "label": "toiletries > men's toiletries > aftershave"
        },
        {
          "name": "aftershave",
          "label": "men's > men's toiletries > aftershave"
        },
        {
          "name": "all perfumes",
          "label": "fragrance > perfume > all perfumes"
        },
        {
          "name": "all aftershave",
          "label": "fragrance > aftershave > all aftershave"
        },
        {
          "name": "unisex fragrance",
          "label": "fragrance > recommended > unisex fragrance"
        },
        {
          "name": "all aftershave",
          "label": "gift > gifts for him > all aftershave"
        },
        {
          "name": "all perfumes",
          "label": "gift > gifts for her > all perfumes"
        },
        {
          "name": "all aftershave",
          "label": "men's > aftershave > all aftershave"
        }
      ],
      [
        {
          "name": "all aftershave",
          "label": "toiletries > men's toiletries > aftershave > all aftershave"
        },
        {
          "name": "all aftershave",
          "label": "men's > men's toiletries > aftershave > all aftershave"
        }
      ]
    ],
    "reviews": {
      "average": 4.4,
      "count": 2814,
      "rounded": 4
    },
    "parent": {
      "product": "2439441",
      "partNumber": "10286584.P",
      "model": "10286584",
      "manufacturerModel": "8987203"
    },
    "images": {
      "thumbnail": "https://boots.scene7.com/is/image/Boots/10286584?wid=45&hei=60&op_sharpen=1"
    },
    "offers": [
      {
        "text": "Save up to 20 percent on selected fragrances"
      }
    ],
    "actions": {},
    "iconUri": "https://boots.scene7.com/is/image/Boots/10286584?op_sharpen=1",
    "title": "TOM FORD Black Orchid Parfum 50ml",
    "referenceUri": "/tom-ford-black-orchid-parfum-50ml-10286584",
    "canAddToBasket": "yes",
    "opticians": false,
    "inStock": true,
    "expressDelivery": false,
    "hasOtherPromotion": true,
    "channelPromotionalTextMap": {
      "-1": [
        "Save up to 20 percent on selected fragrances"
      ],
      "-6": [
        "Save up to 20 percent on selected fragrances"
      ]
    },
    "adCardPoints": 336
  },
  {
    "_id": {
      "$oid": "65ec108d9884656b92f556d1"
    },
    "ppuQuantity": "50ML",
    "pricing": {
      "perUnit": "£180.20 per 100ML",
      "regular": {
        "value": 106,
        "currency": "GBP",
        "text": "£106.00"
      },
      "current": {
        "value": 90.1,
        "currency": "GBP",
        "text": "£90.10"
      },
      "saving": {
        "value": 15.9,
        "currency": "GBP",
        "text": "£15.90"
      }
    },
    "objectId": "1036323",
    "brand": "Tom Ford",
    "attributes": {
      "fragrance_scent": [
        "woody",
        "citrus"
      ],
      "StockOverrideMessage": "STOCK_COMING_SOON",
      "gender": "mens",
      "size": "41-50",
      "parentCategory_UK": "33071",
      "fragrance_type": [
        "eau de parfum",
        "aftershave"
      ],
      "format": "spray",
      "hasPriceAdvantageDeal": false,
      "Reporting_Category": "fragrance",
      "ProductReviewFlag": "1"
    },
    "variants": {
      "colours": [],
      "hasColours": false,
      "hasSizes": false
    },
    "categories": [
      [
        {
          "name": "men's",
          "label": "men's"
        },
        {
          "name": "toiletries",
          "label": "toiletries"
        },
        {
          "name": "fragrance",
          "label": "fragrance"
        },
        {
          "name": "gift",
          "label": "gift"
        }
      ],
      [
        {
          "name": "aftershave",
          "label": "men's > aftershave"
        },
        {
          "name": "men's toiletries",
          "label": "toiletries > men's toiletries"
        },
        {
          "name": "men's toiletries",
          "label": "men's > men's toiletries"
        },
        {
          "name": "perfume",
          "label": "fragrance > perfume"
        },
        {
          "name": "aftershave",
          "label": "fragrance > aftershave"
        },
        {
          "name": "gifts for him",
          "label": "gift > gifts for him"
        },
        {
          "name": "gifts for her",
          "label": "gift > gifts for her"
        }
      ],
      [
        {
          "name": "aftershave",
          "label": "toiletries > men's toiletries > aftershave"
        },
        {
          "name": "aftershave",
          "label": "men's > men's toiletries > aftershave"
        },
        {
          "name": "all perfumes",
          "label": "fragrance > perfume > all perfumes"
        },
        {
          "name": "all aftershave",
          "label": "fragrance > aftershave > all aftershave"
        },
        {
          "name": "all aftershave",
          "label": "gift > gifts for him > all aftershave"
        },
        {
          "name": "all perfumes",
          "label": "gift > gifts for her > all perfumes"
        },
        {
          "name": "all aftershave",
          "label": "men's > aftershave > all aftershave"
        }
      ],
      [
        {
          "name": "all aftershave",
          "label": "toiletries > men's toiletries > aftershave > all aftershave"
        },
        {
          "name": "all aftershave",
          "label": "men's > men's toiletries > aftershave > all aftershave"
        }
      ]
    ],
    "reviews": {
      "average": 4.24,
      "count": 17,
      "rounded": 4
    },
    "parent": {
      "product": "1036322",
      "partNumber": "10099392.P",
      "model": "10099392",
      "manufacturerModel": "6813496"
    },
    "images": {
      "thumbnail": "https://boots.scene7.com/is/image/Boots/10099392?wid=45&hei=60&op_sharpen=1"
    },
    "offers": [
      {
        "text": "Save up to 20 percent on selected fragrances"
      }
    ],
    "actions": {},
    "iconUri": "https://boots.scene7.com/is/image/Boots/10099392?op_sharpen=1",
    "title": "TOM FORD Grey Vetiver Eau de Parfum 50ml",
    "referenceUri": "/tom-ford-grey-vetiver-eau-de-parfum-50ml-10099392",
    "canAddToBasket": "yes",
    "opticians": false,
    "inStock": true,
    "expressDelivery": false,
    "hasOtherPromotion": true,
    "channelPromotionalTextMap": {
      "-1": [
        "Save up to 20 percent on selected fragrances"
      ],
      "-6": [
        "Save up to 20 percent on selected fragrances"
      ]
    },
    "adCardPoints": 270
  },
  {
    "_id": {
      "$oid": "65ec108d9884656b92f556d2"
    },
    "ppuQuantity": "30ML",
    "pricing": {
      "perUnit": "£189.83 per 100ML",
      "regular": {
        "value": 67,
        "currency": "GBP",
        "text": "£67.00"
      },
      "current": {
        "value": 56.95,
        "currency": "GBP",
        "text": "£56.95"
      },
      "saving": {
        "value": 10.05,
        "currency": "GBP",
        "text": "£10.05"
      }
    },
    "objectId": "1507858",
    "brand": "Yves Saint Laurent",
    "attributes": {
      "fragrance_scent": [
        "floral",
        "vanilla",
        "coffee"
      ],
      "StockOverrideMessage": "STOCK_COMING_SOON",
      "gender": "womens",
      "size": "21-30",
      "Size": "30ml",
      "parentCategory_UK": "33071",
      "fragrance_type": "eau de parfum",
      "recipient": "gifts for women",
      "hasPriceAdvantageDeal": false,
      "Reporting_Category": "fragrance",
      "gift_type": "fragrance gifts",
      "ProductReviewFlag": "1"
    },
    "variants": {
      "colours": [],
      "hasColours": false,
      "hasSizes": false
    },
    "categories": [
      [
        {
          "name": "mother's day",
          "label": "mother's day"
        },
        {
          "name": "fragrance",
          "label": "fragrance"
        },
        {
          "name": "gift",
          "label": "gift"
        }
      ],
      [
        {
          "name": "shop all",
          "label": "mother's day > shop all"
        },
        {
          "name": "perfume",
          "label": "fragrance > perfume"
        },
        {
          "name": "fragrance offers",
          "label": "fragrance > fragrance offers"
        },
        {
          "name": "gifts for her",
          "label": "gift > gifts for her"
        },
        {
          "name": "5* rated perfumes & aftershaves",
          "label": "fragrance > 5* rated perfumes & aftershaves"
        },
        {
          "name": "all gifts",
          "label": "gift > all gifts"
        }
      ],
      [
        {
          "name": "all perfumes",
          "label": "fragrance > perfume > all perfumes"
        },
        {
          "name": "vanilla perfume",
          "label": "fragrance > perfume > vanilla perfume"
        },
        {
          "name": "floral perfume",
          "label": "fragrance > perfume > floral perfume"
        },
        {
          "name": "Save 15% on 100s of fragrances",
          "label": "fragrance > fragrance offers > Save 15% on 100s of fragrances"
        },
        {
          "name": "all perfumes",
          "label": "gift > gifts for her > all perfumes"
        }
      ]
    ],
    "reviews": {
      "average": 4.81,
      "count": 17452,
      "rounded": 4
    },
    "parent": {
      "product": "1507857",
      "partNumber": "10180307.P",
      "model": "10180307",
      "manufacturerModel": "6029051"
    },
    "images": {
      "thumbnail": "https://boots.scene7.com/is/image/Boots/10180307?wid=45&hei=60&op_sharpen=1"
    },
    "offers": [
      {
        "text": "Save up to 20 percent on selected fragrances"
      }
    ],
    "actions": {},
    "iconUri": "https://boots.scene7.com/is/image/Boots/10180307?op_sharpen=1",
    "title": "YSL Black Opium Eau de Parfum 30ml",
    "referenceUri": "/yves-saint-laurent-black-opium-eau-de-parfum-30ml-10180307",
    "canAddToBasket": "yes",
    "opticians": false,
    "inStock": true,
    "expressDelivery": false,
    "hasOtherPromotion": true,
    "channelPromotionalTextMap": {
      "-1": [
        "Save up to 20 percent on selected fragrances"
      ],
      "-6": [
        "Save up to 20 percent on selected fragrances"
      ]
    },
    "adCardPoints": 168
  },
  {
    "_id": {
      "$oid": "65ec108d9884656b92f556d3"
    },
    "ppuQuantity": "50ML",
    "pricing": {
      "perUnit": "£164.90 per 100ML",
      "regular": {
        "value": 97,
        "currency": "GBP",
        "text": "£97.00"
      },
      "current": {
        "value": 82.45,
        "currency": "GBP",
        "text": "£82.45"
      },
      "saving": {
        "value": 14.55,
        "currency": "GBP",
        "text": "£14.55"
      }
    },
    "objectId": "2314565",
    "brand": "Yves Saint Laurent",
    "attributes": {
      "fragrance_scent": [
        "floral",
        "amber"
      ],
      "size": "41-50",
      "StockOverrideMessage": "STOCK_COMING_SOON",
      "gender": "womens",
      "fragrance_type": "eau de parfum",
      "format": "spray",
      "hasPriceAdvantageDeal": false,
      "Reporting_Category": "fragrance",
      "ProductReviewFlag": "1"
    },
    "variants": {
      "colours": [],
      "hasColours": false,
      "hasSizes": false
    },
    "categories": [
      [
        {
          "name": "fragrance",
          "label": "fragrance"
        },
        {
          "name": "gift",
          "label": "gift"
        }
      ],
      [
        {
          "name": "recommended",
          "label": "fragrance > recommended"
        },
        {
          "name": "perfume",
          "label": "fragrance > perfume"
        },
        {
          "name": "fragrance offers",
          "label": "fragrance > fragrance offers"
        },
        {
          "name": "gifts for her",
          "label": "gift > gifts for her"
        }
      ],
      [
        {
          "name": "all perfumes",
          "label": "fragrance > perfume > all perfumes"
        },
        {
          "name": "floral perfume",
          "label": "fragrance > perfume > floral perfume"
        },
        {
          "name": "amber perfume",
          "label": "fragrance > perfume > amber perfume"
        },
        {
          "name": "free gifts",
          "label": "fragrance > fragrance offers > free gifts"
        },
        {
          "name": "personalise your perfect gift",
          "label": "fragrance > fragrance offers > personalise your perfect gift"
        },
        {
          "name": "Save 15% on 100s of fragrances",
          "label": "fragrance > fragrance offers > Save 15% on 100s of fragrances"
        },
        {
          "name": "trending fragrance",
          "label": "fragrance > recommended > trending fragrance"
        },
        {
          "name": "all perfumes",
          "label": "gift > gifts for her > all perfumes"
        }
      ]
    ],
    "reviews": {
      "average": 4.77,
      "count": 11837,
      "rounded": 4
    },
    "parent": {
      "product": "2314564",
      "partNumber": "10269824.P",
      "model": "10269824",
      "manufacturerModel": "8600317"
    },
    "images": {
      "thumbnail": "https://boots.scene7.com/is/image/Boots/10269824?wid=45&hei=60&op_sharpen=1"
    },
    "offers": [
      {
        "text": "Save up to 20 percent on selected fragrances"
      }
    ],
    "actions": {},
    "iconUri": "https://boots.scene7.com/is/image/Boots/10269824?op_sharpen=1",
    "title": "YSL Libre Eau de Parfum 50ml",
    "referenceUri": "/ysl-libre-50ml-10269824",
    "canAddToBasket": "yes",
    "opticians": false,
    "inStock": true,
    "expressDelivery": false,
    "hasOtherPromotion": true,
    "channelPromotionalTextMap": {
      "-1": [
        "Save up to 20 percent on selected fragrances"
      ],
      "-6": [
        "Save up to 20 percent on selected fragrances"
      ]
    },
    "adCardPoints": 246
  },
  {
    "_id": {
      "$oid": "65ec108d9884656b92f556d4"
    },
    "ppuQuantity": "30ML",
    "pricing": {
      "perUnit": "£192.67 per 100ML",
      "regular": {
        "value": 68,
        "currency": "GBP",
        "text": "£68.00"
      },
      "current": {
        "value": 57.8,
        "currency": "GBP",
        "text": "£57.80"
      },
      "saving": {
        "value": 10.2,
        "currency": "GBP",
        "text": "£10.20"
      }
    },
    "objectId": "2920179",
    "brand": "Yves Saint Laurent",
    "attributes": {
      "fragrance_scent": [
        "sweet",
        "floral"
      ],
      "product_type": "body spray",
      "StockOverrideMessage": "STOCK_COMING_SOON",
      "size": "21-30",
      "gender": "womens",
      "fragrance_type": "eau de parfum",
      "format": "spray",
      "hasPriceAdvantageDeal": false,
      "ProductReviewFlag": "1"
    },
    "variants": {
      "colours": [],
      "hasColours": false,
      "hasSizes": false
    },
    "categories": [
      [
        {
          "name": "new in",
          "label": "new in"
        },
        {
          "name": "fragrance",
          "label": "fragrance"
        },
        {
          "name": "gift",
          "label": "gift"
        }
      ],
      [
        {
          "name": "new in fragrance",
          "label": "new in > new in fragrance"
        },
        {
          "name": "perfume",
          "label": "fragrance > perfume"
        },
        {
          "name": "gifts for her",
          "label": "gift > gifts for her"
        },
        {
          "name": "luxury fragrance",
          "label": "fragrance > luxury fragrance"
        },
        {
          "name": "new in fragrance",
          "label": "fragrance > new in fragrance"
        }
      ],
      [
        {
          "name": "all perfumes",
          "label": "fragrance > perfume > all perfumes"
        },
        {
          "name": "floral perfume",
          "label": "fragrance > perfume > floral perfume"
        },
        {
          "name": "all perfumes",
          "label": "gift > gifts for her > all perfumes"
        }
      ]
    ],
    "reviews": {
      "average": 4.74,
      "count": 50,
      "rounded": 4
    },
    "parent": {
      "product": "2920178",
      "partNumber": "10338675.P",
      "model": "10338675",
      "manufacturerModel": "1940910"
    },
    "images": {
      "thumbnail": "https://boots.scene7.com/is/image/Boots/10338675?wid=45&hei=60&op_sharpen=1"
    },
    "offers": [
      {
        "text": "Save up to 20 percent on selected fragrances"
      }
    ],
    "actions": {},
    "iconUri": "https://boots.scene7.com/is/image/Boots/10338675?op_sharpen=1",
    "title": "Yves Saint Laurent Black Opium Eau de Parfum Over Red 30ml",
    "referenceUri": "/yves-saint-laurent-black-opium-eau-de-parfum-over-red-30ml-10338675",
    "canAddToBasket": "yes",
    "opticians": false,
    "inStock": true,
    "expressDelivery": false,
    "hasOtherPromotion": true,
    "channelPromotionalTextMap": {
      "-1": [
        "Save up to 20 percent on selected fragrances"
      ],
      "-6": [
        "Save up to 20 percent on selected fragrances"
      ]
    },
    "adCardPoints": 171
  },
  {
    "_id": {
      "$oid": "65ec108d9884656b92f556d5"
    },
    "ppuQuantity": "90ML",
    "pricing": {
      "perUnit": "£91.67 per 100ML",
      "regular": {
        "value": 110,
        "currency": "GBP",
        "text": "£110.00"
      },
      "current": {
        "value": 82.5,
        "currency": "GBP",
        "text": "£82.50"
      },
      "saving": {
        "value": 27.5,
        "currency": "GBP",
        "text": "£27.50"
      }
    },
    "objectId": "49388",
    "brand": "Yves Saint Laurent",
    "attributes": {
      "fragrance_scent": [
        "floral",
        "woody"
      ],
      "gender": "womens",
      "size": "71-100",
      "StockOverrideMessage": "STOCK_COMING_SOON",
      "Size": [
        "90 ml",
        "90ml"
      ],
      "parentCategory_UK": "33071",
      "fragrance_type": "eau de parfum",
      "hasPriceAdvantageDeal": false,
      "ProductReviewFlag": "1"
    },
    "variants": {
      "colours": [],
      "hasColours": false,
      "hasSizes": false
    },
    "categories": [
      [
        {
          "name": "gift",
          "label": "gift"
        },
        {
          "name": "fragrance",
          "label": "fragrance"
        }
      ],
      [
        {
          "name": "gifts for her",
          "label": "gift > gifts for her"
        },
        {
          "name": "perfume",
          "label": "fragrance > perfume"
        },
        {
          "name": "fragrance offers",
          "label": "fragrance > fragrance offers"
        }
      ],
      [
        {
          "name": "all perfumes",
          "label": "gift > gifts for her > all perfumes"
        },
        {
          "name": "all perfumes",
          "label": "fragrance > perfume > all perfumes"
        },
        {
          "name": "save up to half price",
          "label": "fragrance > fragrance offers > save up to half price"
        },
        {
          "name": "Save 15% on 100s of fragrances",
          "label": "fragrance > fragrance offers > Save 15% on 100s of fragrances"
        }
      ]
    ],
    "reviews": {
      "average": 4.81,
      "count": 70,
      "rounded": 4
    },
    "parent": {
      "product": "49387",
      "partNumber": "10070823.P",
      "model": "10070823",
      "manufacturerModel": "3206947"
    },
    "images": {
      "thumbnail": "https://boots.scene7.com/is/image/Boots/10070823?wid=45&hei=60&op_sharpen=1"
    },
    "offers": [
      {
        "text": "Save up to 1/2 price on selected fragrances"
      }
    ],
    "actions": {},
    "iconUri": "https://boots.scene7.com/is/image/Boots/10070823?op_sharpen=1",
    "title": "YSL Elle Eau de Parfum 90ml",
    "referenceUri": "/yves-saint-laurent-elle-eau-de-parfum-90ml-10070823",
    "canAddToBasket": "yes",
    "opticians": false,
    "inStock": true,
    "expressDelivery": false,
    "hasOtherPromotion": true,
    "channelPromotionalTextMap": {
      "-1": [
        "Save up to 1/2 price on selected fragrances"
      ],
      "-6": [
        "Save up to 1/2 price on selected fragrances"
      ]
    },
    "adCardPoints": 246
  },
  {
    "_id": {
      "$oid": "65ec108d9884656b92f556d6"
    },
    "ppuQuantity": "90ML",
    "pricing": {
      "perUnit": "£136.94 per 100ML",
      "regular": {
        "value": 145,
        "currency": "GBP",
        "text": "£145.00"
      },
      "current": {
        "value": 123.25,
        "currency": "GBP",
        "text": "£123.25"
      },
      "saving": {
        "value": 21.75,
        "currency": "GBP",
        "text": "£21.75"
      }
    },
    "objectId": "2427591",
    "brand": "Yves Saint Laurent",
    "attributes": {
      "fragrance_scent": "floral",
      "gender": "womens",
      "size": "71-100",
      "StockOverrideMessage": "STOCK_COMING_SOON",
      "format": "spray",
      "fragrance_type": "eau de parfum",
      "hasPriceAdvantageDeal": false,
      "Reporting_Category": "fragrance",
      "ProductReviewFlag": "1"
    },
    "variants": {
      "colours": [],
      "hasColours": false,
      "hasSizes": false
    },
    "categories": [
      [
        {
          "name": "fragrance",
          "label": "fragrance"
        },
        {
          "name": "gift",
          "label": "gift"
        }
      ],
      [
        {
          "name": "perfume",
          "label": "fragrance > perfume"
        },
        {
          "name": "gifts for her",
          "label": "gift > gifts for her"
        }
      ],
      [
        {
          "name": "all perfumes",
          "label": "fragrance > perfume > all perfumes"
        },
        {
          "name": "floral perfume",
          "label": "fragrance > perfume > floral perfume"
        },
        {
          "name": "all perfumes",
          "label": "gift > gifts for her > all perfumes"
        }
      ]
    ],
    "reviews": {
      "average": 4.76,
      "count": 2813,
      "rounded": 4
    },
    "parent": {
      "product": "2427590",
      "partNumber": "10285229.P",
      "model": "10285229",
      "manufacturerModel": "8950377"
    },
    "images": {
      "thumbnail": "https://boots.scene7.com/is/image/Boots/10285229?wid=45&hei=60&op_sharpen=1"
    },
    "offers": [
      {
        "text": "Save up to 20 percent on selected fragrances"
      }
    ],
    "actions": {},
    "iconUri": "https://boots.scene7.com/is/image/Boots/10285229?op_sharpen=1",
    "title": "YSL Libre Intense Eau De Parfum 90ml",
    "referenceUri": "/ysl-libre-intense-eau-de-parfum-90ml-10285229",
    "canAddToBasket": "yes",
    "opticians": false,
    "inStock": true,
    "expressDelivery": false,
    "hasOtherPromotion": true,
    "channelPromotionalTextMap": {
      "-1": [
        "Save up to 20 percent on selected fragrances"
      ],
      "-6": [
        "Save up to 20 percent on selected fragrances"
      ]
    },
    "adCardPoints": 369
  },
  {
    "_id": {
      "$oid": "65ec108d9884656b92f556d7"
    },
    "ppuQuantity": "50ML",
    "pricing": {
      "perUnit": "£163.20 per 100ML",
      "regular": {
        "value": 96,
        "currency": "GBP",
        "text": "£96.00"
      },
      "current": {
        "value": 81.6,
        "currency": "GBP",
        "text": "£81.60"
      },
      "saving": {
        "value": 14.4,
        "currency": "GBP",
        "text": "£14.40"
      }
    },
    "objectId": "2920181",
    "brand": "Yves Saint Laurent",
    "attributes": {
      "fragrance_scent": [
        "sweet",
        "floral"
      ],
      "product_type": "body spray",
      "StockOverrideMessage": "STOCK_COMING_SOON",
      "gender": "womens",
      "size": "41-50",
      "fragrance_type": "eau de parfum",
      "format": "spray",
      "hasPriceAdvantageDeal": false,
      "ProductReviewFlag": "1"
    },
    "variants": {
      "colours": [],
      "hasColours": false,
      "hasSizes": false
    },
    "categories": [
      [
        {
          "name": "new in",
          "label": "new in"
        },
        {
          "name": "fragrance",
          "label": "fragrance"
        },
        {
          "name": "gift",
          "label": "gift"
        },
        {
          "name": "mother's day",
          "label": "mother's day"
        }
      ],
      [
        {
          "name": "new in fragrance",
          "label": "new in > new in fragrance"
        },
        {
          "name": "perfume",
          "label": "fragrance > perfume"
        },
        {
          "name": "gifts for her",
          "label": "gift > gifts for her"
        },
        {
          "name": "luxury fragrance",
          "label": "fragrance > luxury fragrance"
        },
        {
          "name": "new in fragrance",
          "label": "fragrance > new in fragrance"
        },
        {
          "name": "shop all",
          "label": "mother's day > shop all"
        }
      ],
      [
        {
          "name": "all perfumes",
          "label": "fragrance > perfume > all perfumes"
        },
        {
          "name": "floral perfume",
          "label": "fragrance > perfume > floral perfume"
        },
        {
          "name": "all perfumes",
          "label": "gift > gifts for her > all perfumes"
        }
      ]
    ],
    "reviews": {
      "average": 4.79,
      "count": 47,
      "rounded": 4
    },
    "parent": {
      "product": "2920180",
      "partNumber": "10338676.P",
      "model": "10338676",
      "manufacturerModel": "1940929"
    },
    "images": {
      "thumbnail": "https://boots.scene7.com/is/image/Boots/10338676?wid=45&hei=60&op_sharpen=1"
    },
    "offers": [
      {
        "text": "Save up to 20 percent on selected fragrances"
      }
    ],
    "actions": {},
    "iconUri": "https://boots.scene7.com/is/image/Boots/10338676?op_sharpen=1",
    "title": "Yves Saint Laurent Black Opium Eau de Parfum Over Red 50ml",
    "referenceUri": "/yves-saint-laurent-black-opium-eau-de-parfum-over-red-50ml-10338676",
    "canAddToBasket": "yes",
    "opticians": false,
    "inStock": true,
    "expressDelivery": false,
    "hasOtherPromotion": true,
    "channelPromotionalTextMap": {
      "-1": [
        "Save up to 20 percent on selected fragrances"
      ],
      "-6": [
        "Save up to 20 percent on selected fragrances"
      ]
    },
    "adCardPoints": 243
  },
  {
    "_id": {
      "$oid": "65ec108d9884656b92f556d8"
    },
    "ppuQuantity": "50ML",
    "pricing": {
      "perUnit": "£127.50 per 100ML",
      "regular": {
        "value": 85,
        "currency": "GBP",
        "text": "£85.00"
      },
      "current": {
        "value": 63.75,
        "currency": "GBP",
        "text": "£63.75"
      },
      "saving": {
        "value": 21.25,
        "currency": "GBP",
        "text": "£21.25"
      }
    },
    "objectId": "3231",
    "brand": "Yves Saint Laurent",
    "attributes": {
      "fragrance_scent": [
        "fruity",
        "floral",
        "vanilla"
      ],
      "StockOverrideMessage": "STOCK_COMING_SOON",
      "size": "41-50",
      "gender": "womens",
      "Size": [
        "50ml",
        "50 ml"
      ],
      "parentCategory_UK": "33071",
      "fragrance_type": "eau de parfum",
      "hasPriceAdvantageDeal": false,
      "Reporting_Category": "fragrance",
      "ProductReviewFlag": "1"
    },
    "variants": {
      "colours": [],
      "hasColours": false,
      "hasSizes": false
    },
    "categories": [
      [
        {
          "name": "fragrance",
          "label": "fragrance"
        },
        {
          "name": "gift",
          "label": "gift"
        }
      ],
      [
        {
          "name": "5* rated perfumes & aftershaves",
          "label": "fragrance > 5* rated perfumes & aftershaves"
        },
        {
          "name": "perfume",
          "label": "fragrance > perfume"
        },
        {
          "name": "fragrance offers",
          "label": "fragrance > fragrance offers"
        },
        {
          "name": "gifts for her",
          "label": "gift > gifts for her"
        }
      ],
      [
        {
          "name": "all perfumes",
          "label": "fragrance > perfume > all perfumes"
        },
        {
          "name": "vanilla perfume",
          "label": "fragrance > perfume > vanilla perfume"
        },
        {
          "name": "floral perfume",
          "label": "fragrance > perfume > floral perfume"
        },
        {
          "name": "save up to 20% on fragrance",
          "label": "fragrance > fragrance offers > save up to 20% on fragrance"
        },
        {
          "name": "Save 15% on 100s of fragrances",
          "label": "fragrance > fragrance offers > Save 15% on 100s of fragrances"
        },
        {
          "name": "all perfumes",
          "label": "gift > gifts for her > all perfumes"
        }
      ]
    ],
    "reviews": {
      "average": 4.68,
      "count": 53,
      "rounded": 4
    },
    "parent": {
      "product": "3230",
      "partNumber": "10011903.P",
      "model": "10011903",
      "manufacturerModel": "2245965"
    },
    "images": {
      "thumbnail": "https://boots.scene7.com/is/image/Boots/10011903?wid=45&hei=60&op_sharpen=1"
    },
    "offers": [
      {
        "text": "Save up to 1/2 price on selected fragrances"
      }
    ],
    "actions": {},
    "iconUri": "https://boots.scene7.com/is/image/Boots/10011903?op_sharpen=1",
    "title": "YSL Paris Eau De Parfum Spray 50ml",
    "referenceUri": "/yves-saint-laurent-paris-eau-de-parfum-spray-50ml-10011903",
    "canAddToBasket": "yes",
    "opticians": false,
    "inStock": true,
    "expressDelivery": false,
    "hasOtherPromotion": true,
    "channelPromotionalTextMap": {
      "-1": [
        "Save up to 1/2 price on selected fragrances"
      ],
      "-6": [
        "Save up to 1/2 price on selected fragrances"
      ]
    },
    "adCardPoints": 189
  },
  {
    "_id": {
      "$oid": "65ec108d9884656b92f556d9"
    },
    "ppuQuantity": "90ML",
    "pricing": {
      "perUnit": "£118.06 per 100ML",
      "regular": {
        "value": 125,
        "currency": "GBP",
        "text": "£125.00"
      },
      "current": {
        "value": 106.25,
        "currency": "GBP",
        "text": "£106.25"
      },
      "saving": {
        "value": 18.75,
        "currency": "GBP",
        "text": "£18.75"
      }
    },
    "objectId": "1846293",
    "brand": "Yves Saint Laurent",
    "attributes": {
      "fragrance_scent": [
        "chypre",
        "floral"
      ],
      "StockOverrideMessage": "STOCK_COMING_SOON",
      "size": "71-100",
      "gender": "womens",
      "parentCategory_UK": "33071",
      "fragrance_type": "eau de parfum",
      "hasPriceAdvantageDeal": false,
      "Reporting_Category": "fragrance",
      "ProductReviewFlag": "1"
    },
    "variants": {
      "colours": [],
      "hasColours": false,
      "hasSizes": false
    },
    "categories": [
      [
        {
          "name": "fragrance",
          "label": "fragrance"
        },
        {
          "name": "gift",
          "label": "gift"
        }
      ],
      [
        {
          "name": "perfume",
          "label": "fragrance > perfume"
        },
        {
          "name": "fragrance offers",
          "label": "fragrance > fragrance offers"
        },
        {
          "name": "gifts for her",
          "label": "gift > gifts for her"
        }
      ],
      [
        {
          "name": "all perfumes",
          "label": "fragrance > perfume > all perfumes"
        },
        {
          "name": "floral perfume",
          "label": "fragrance > perfume > floral perfume"
        },
        {
          "name": "Save 15% on 100s of fragrances",
          "label": "fragrance > fragrance offers > Save 15% on 100s of fragrances"
        },
        {
          "name": "all perfumes",
          "label": "gift > gifts for her > all perfumes"
        }
      ]
    ],
    "reviews": {
      "average": 4.61,
      "count": 1443,
      "rounded": 4
    },
    "parent": {
      "product": "1846292",
      "partNumber": "10215706.P",
      "model": "10215706",
      "manufacturerModel": "6621953"
    },
    "images": {
      "thumbnail": "https://boots.scene7.com/is/image/Boots/10215706?wid=45&hei=60&op_sharpen=1"
    },
    "offers": [
      {
        "text": "Save up to 20 percent on selected fragrances"
      }
    ],
    "actions": {},
    "iconUri": "https://boots.scene7.com/is/image/Boots/10215706?op_sharpen=1",
    "title": "YSL Mon Paris Eau de Parfum 90ml",
    "referenceUri": "/yves-saint-laurent-mon-paris-edp-90ml-10215706",
    "canAddToBasket": "yes",
    "opticians": false,
    "inStock": true,
    "expressDelivery": false,
    "hasOtherPromotion": true,
    "channelPromotionalTextMap": {
      "-1": [
        "Save up to 20 percent on selected fragrances"
      ],
      "-6": [
        "Save up to 20 percent on selected fragrances"
      ]
    },
    "adCardPoints": 318
  },
  {
    "_id": {
      "$oid": "65ec108d9884656b92f556da"
    },
    "ppuQuantity": "150ML",
    "pricing": {
      "perUnit": "£90.67 per 100ML",
      "regular": {
        "value": 160,
        "currency": "GBP",
        "text": "£160.00"
      },
      "current": {
        "value": 136,
        "currency": "GBP",
        "text": "£136.00"
      },
      "saving": {
        "value": 24,
        "currency": "GBP",
        "text": "£24.00"
      }
    },
    "objectId": "2116421",
    "brand": "Yves Saint Laurent",
    "attributes": {
      "fragrance_scent": [
        "coffee",
        "floral"
      ],
      "gender": "womens",
      "size": "101-150",
      "StockOverrideMessage": "STOCK_COMING_SOON",
      "fragrance_type": "eau de parfum",
      "hasPriceAdvantageDeal": false,
      "ProductReviewFlag": "1"
    },
    "variants": {
      "colours": [],
      "hasColours": false,
      "hasSizes": false
    },
    "categories": [
      [
        {
          "name": "gift",
          "label": "gift"
        },
        {
          "name": "fragrance",
          "label": "fragrance"
        }
      ],
      [
        {
          "name": "gifts for her",
          "label": "gift > gifts for her"
        },
        {
          "name": "perfume",
          "label": "fragrance > perfume"
        },
        {
          "name": "fragrance offers",
          "label": "fragrance > fragrance offers"
        }
      ],
      [
        {
          "name": "all perfumes",
          "label": "gift > gifts for her > all perfumes"
        },
        {
          "name": "all perfumes",
          "label": "fragrance > perfume > all perfumes"
        },
        {
          "name": "Triple points on top scents",
          "label": "fragrance > fragrance offers > Triple points on top scents"
        },
        {
          "name": "personalise your perfect gift",
          "label": "fragrance > fragrance offers > personalise your perfect gift"
        },
        {
          "name": "Save 15% on 100s of fragrances",
          "label": "fragrance > fragrance offers > Save 15% on 100s of fragrances"
        }
      ]
    ],
    "reviews": {
      "average": 4.82,
      "count": 17542,
      "rounded": 4
    },
    "parent": {
      "product": "2116420",
      "partNumber": "10246252.P",
      "model": "10246252",
      "manufacturerModel": "8099502"
    },
    "images": {
      "thumbnail": "https://boots.scene7.com/is/image/Boots/10246252?wid=45&hei=60&op_sharpen=1"
    },
    "offers": [
      {
        "text": "Save up to 20 percent on selected fragrances"
      }
    ],
    "actions": {},
    "iconUri": "https://boots.scene7.com/is/image/Boots/10246252?op_sharpen=1",
    "title": "YSL Black Opium Eau de Parfum 150ml",
    "referenceUri": "/yves-saint-laurent-black-opium-eau-de-parfum-150ml-10246252",
    "canAddToBasket": "yes",
    "opticians": false,
    "inStock": true,
    "expressDelivery": false,
    "hasOtherPromotion": true,
    "channelPromotionalTextMap": {
      "-1": [
        "Save up to 20 percent on selected fragrances"
      ],
      "-6": [
        "Save up to 20 percent on selected fragrances"
      ]
    },
    "adCardPoints": 408
  },
  {
    "_id": {
      "$oid": "65ec108d9884656b92f556db"
    },
    "ppuQuantity": "90ML",
    "pricing": {
      "perUnit": "£118.06 per 100ML",
      "regular": {
        "value": 125,
        "currency": "GBP",
        "text": "£125.00"
      },
      "current": {
        "value": 106.25,
        "currency": "GBP",
        "text": "£106.25"
      },
      "saving": {
        "value": 18.75,
        "currency": "GBP",
        "text": "£18.75"
      }
    },
    "objectId": "1507902",
    "brand": "Yves Saint Laurent",
    "attributes": {
      "fragrance_scent": [
        "coffee",
        "floral",
        "vanilla"
      ],
      "gender": "womens",
      "StockOverrideMessage": "STOCK_COMING_SOON",
      "size": "71-100",
      "Size": "90ml",
      "parentCategory_UK": "33071",
      "fragrance_type": "eau de parfum",
      "recipient": "gifts for women",
      "hasPriceAdvantageDeal": false,
      "Reporting_Category": "fragrance",
      "gift_type": "fragrance gifts",
      "ProductReviewFlag": "1"
    },
    "variants": {
      "colours": [],
      "hasColours": false,
      "hasSizes": false
    },
    "categories": [
      [
        {
          "name": "gift",
          "label": "gift"
        },
        {
          "name": "fragrance",
          "label": "fragrance"
        },
        {
          "name": "sun & holiday",
          "label": "sun & holiday"
        }
      ],
      [
        {
          "name": "all gifts",
          "label": "gift > all gifts"
        },
        {
          "name": "perfume",
          "label": "fragrance > perfume"
        },
        {
          "name": "fragrance offers",
          "label": "fragrance > fragrance offers"
        },
        {
          "name": "recommended",
          "label": "fragrance > recommended"
        },
        {
          "name": "love island",
          "label": "sun & holiday > love island"
        },
        {
          "name": "gifts for her",
          "label": "gift > gifts for her"
        },
        {
          "name": "birthday gifts",
          "label": "gift > birthday gifts"
        }
      ],
      [
        {
          "name": "all perfumes",
          "label": "fragrance > perfume > all perfumes"
        },
        {
          "name": "vanilla perfume",
          "label": "fragrance > perfume > vanilla perfume"
        },
        {
          "name": "floral perfume",
          "label": "fragrance > perfume > floral perfume"
        },
        {
          "name": "personalise your perfect gift",
          "label": "fragrance > fragrance offers > personalise your perfect gift"
        },
        {
          "name": "Save 15% on 100s of fragrances",
          "label": "fragrance > fragrance offers > Save 15% on 100s of fragrances"
        },
        {
          "name": "best floral perfumes",
          "label": "fragrance > recommended > best floral perfumes"
        },
        {
          "name": "shop the love island villa",
          "label": "sun & holiday > love island > shop the love island villa"
        },
        {
          "name": "all perfumes",
          "label": "gift > gifts for her > all perfumes"
        }
      ]
    ],
    "reviews": {
      "average": 4.82,
      "count": 17482,
      "rounded": 4
    },
    "parent": {
      "product": "1507901",
      "partNumber": "10180313.P",
      "model": "10180313",
      "manufacturerModel": "6029086"
    },
    "images": {
      "thumbnail": "https://boots.scene7.com/is/image/Boots/10180313?wid=45&hei=60&op_sharpen=1"
    },
    "offers": [
      {
        "text": "Save up to 20 percent on selected fragrances"
      }
    ],
    "actions": {},
    "iconUri": "https://boots.scene7.com/is/image/Boots/10180313?op_sharpen=1",
    "title": "YSL Black Opium Eau de Parfum 90ml",
    "referenceUri": "/yves-saint-laurent-black-opium-eau-de-parfum-90ml-10180313",
    "canAddToBasket": "yes",
    "opticians": false,
    "inStock": true,
    "expressDelivery": false,
    "hasOtherPromotion": true,
    "channelPromotionalTextMap": {
      "-1": [
        "Save up to 20 percent on selected fragrances"
      ],
      "-6": [
        "Save up to 20 percent on selected fragrances"
      ]
    },
    "adCardPoints": 318
  },
  {
    "_id": {
      "$oid": "65ec108d9884656b92f556dc"
    },
    "ppuQuantity": "50ML",
    "pricing": {
      "perUnit": "£134.30 per 100ML",
      "regular": {
        "value": 79,
        "currency": "GBP",
        "text": "£79.00"
      },
      "current": {
        "value": 67.15,
        "currency": "GBP",
        "text": "£67.15"
      },
      "saving": {
        "value": 11.85,
        "currency": "GBP",
        "text": "£11.85"
      }
    },
    "objectId": "1046495",
    "brand": "Yves Saint Laurent",
    "attributes": {
      "fragrance_scent": [
        "floral",
        "aromatic",
        "fruity"
      ],
      "gender": "womens",
      "StockOverrideMessage": "STOCK_COMING_SOON",
      "Size": "50ml",
      "parentCategory_UK": "33071",
      "fragrance_type": "eau de toilette",
      "hasPriceAdvantageDeal": false,
      "Reporting_Category": "fragrance",
      "ProductReviewFlag": "1"
    },
    "variants": {
      "colours": [],
      "hasColours": false,
      "hasSizes": false
    },
    "categories": [
      [
        {
          "name": "fragrance",
          "label": "fragrance"
        },
        {
          "name": "gift",
          "label": "gift"
        }
      ],
      [
        {
          "name": "perfume",
          "label": "fragrance > perfume"
        },
        {
          "name": "fragrance offers",
          "label": "fragrance > fragrance offers"
        },
        {
          "name": "gifts for her",
          "label": "gift > gifts for her"
        }
      ],
      [
        {
          "name": "all perfumes",
          "label": "fragrance > perfume > all perfumes"
        },
        {
          "name": "Save 15% on 100s of fragrances",
          "label": "fragrance > fragrance offers > Save 15% on 100s of fragrances"
        },
        {
          "name": "all perfumes",
          "label": "gift > gifts for her > all perfumes"
        }
      ]
    ],
    "reviews": {
      "average": 4.6,
      "count": 73,
      "rounded": 4
    },
    "parent": {
      "product": "1046494",
      "partNumber": "10102367.P",
      "model": "10102367",
      "manufacturerModel": "5961424"
    },
    "images": {
      "thumbnail": "https://boots.scene7.com/is/image/Boots/10102367?wid=45&hei=60&op_sharpen=1"
    },
    "offers": [
      {
        "text": "Save up to 20 percent on selected fragrances"
      }
    ],
    "actions": {},
    "iconUri": "https://boots.scene7.com/is/image/Boots/10102367?op_sharpen=1",
    "title": "YSL Opium Eau de Toilette 50ml",
    "referenceUri": "/yves-saint-laurent-opium-eau-de-toilette-50ml-10102367",
    "canAddToBasket": "yes",
    "opticians": false,
    "inStock": true,
    "expressDelivery": false,
    "hasOtherPromotion": true,
    "channelPromotionalTextMap": {
      "-1": [
        "Save up to 20 percent on selected fragrances"
      ],
      "-6": [
        "Save up to 20 percent on selected fragrances"
      ]
    },
    "adCardPoints": 201
  },
  {
    "_id": {
      "$oid": "65ec108d9884656b92f556dd"
    },
    "ppuQuantity": "50ML",
    "pricing": {
      "perUnit": "£161.50 per 100ML",
      "regular": {
        "value": 95,
        "currency": "GBP",
        "text": "£95.00"
      },
      "current": {
        "value": 80.75,
        "currency": "GBP",
        "text": "£80.75"
      },
      "saving": {
        "value": 14.25,
        "currency": "GBP",
        "text": "£14.25"
      }
    },
    "objectId": "1046499",
    "brand": "Yves Saint Laurent",
    "attributes": {
      "fragrance_scent": [
        "woody",
        "fruity",
        "aromatic",
        "amber"
      ],
      "StockOverrideMessage": "STOCK_COMING_SOON",
      "gender": "womens",
      "Size": "50ml",
      "parentCategory_UK": "33071",
      "fragrance_type": "eau de parfum",
      "hasPriceAdvantageDeal": false,
      "Reporting_Category": "fragrance",
      "ProductReviewFlag": "1"
    },
    "variants": {
      "colours": [],
      "hasColours": false,
      "hasSizes": false
    },
    "categories": [
      [
        {
          "name": "fragrance",
          "label": "fragrance"
        },
        {
          "name": "gift",
          "label": "gift"
        }
      ],
      [
        {
          "name": "perfume",
          "label": "fragrance > perfume"
        },
        {
          "name": "fragrance offers",
          "label": "fragrance > fragrance offers"
        },
        {
          "name": "gifts for her",
          "label": "gift > gifts for her"
        }
      ],
      [
        {
          "name": "all perfumes",
          "label": "fragrance > perfume > all perfumes"
        },
        {
          "name": "amber perfume",
          "label": "fragrance > perfume > amber perfume"
        },
        {
          "name": "Save 15% on 100s of fragrances",
          "label": "fragrance > fragrance offers > Save 15% on 100s of fragrances"
        },
        {
          "name": "all perfumes",
          "label": "gift > gifts for her > all perfumes"
        }
      ]
    ],
    "reviews": {
      "average": 4.77,
      "count": 47,
      "rounded": 4
    },
    "parent": {
      "product": "1046498",
      "partNumber": "10102369.P",
      "model": "10102369",
      "manufacturerModel": "5961459"
    },
    "images": {
      "thumbnail": "https://boots.scene7.com/is/image/Boots/10102369?wid=45&hei=60&op_sharpen=1"
    },
    "offers": [
      {
        "text": "Save up to 20 percent on selected fragrances"
      }
    ],
    "actions": {},
    "iconUri": "https://boots.scene7.com/is/image/Boots/10102369?op_sharpen=1",
    "title": "YSL Opium Eau de Parfum 50ml",
    "referenceUri": "/yves-saint-laurent-opium-eau-de-parfum-50ml-10102369",
    "canAddToBasket": "yes",
    "opticians": false,
    "inStock": true,
    "expressDelivery": false,
    "hasOtherPromotion": true,
    "channelPromotionalTextMap": {
      "-1": [
        "Save up to 20 percent on selected fragrances"
      ],
      "-6": [
        "Save up to 20 percent on selected fragrances"
      ]
    },
    "adCardPoints": 240
  },
  {
    "_id": {
      "$oid": "65ec108d9884656b92f556de"
    },
    "ppuQuantity": "90ML",
    "pricing": {
      "perUnit": "£141.67 per 100ML",
      "regular": {
        "value": 150,
        "currency": "GBP",
        "text": "£150.00"
      },
      "current": {
        "value": 127.5,
        "currency": "GBP",
        "text": "£127.50"
      },
      "saving": {
        "value": 22.5,
        "currency": "GBP",
        "text": "£22.50"
      }
    },
    "objectId": "2726142",
    "brand": "Yves Saint Laurent",
    "attributes": {
      "fragrance_scent": [
        "amber",
        "spicy",
        "floral"
      ],
      "size": "71-100",
      "gender": "womens",
      "StockOverrideMessage": "STOCK_COMING_SOON",
      "fragrance_type": "parfum",
      "hasPriceAdvantageDeal": false,
      "ProductReviewFlag": "1"
    },
    "variants": {
      "colours": [],
      "hasColours": false,
      "hasSizes": false
    },
    "categories": [
      [
        {
          "name": "fragrance",
          "label": "fragrance"
        },
        {
          "name": "gift",
          "label": "gift"
        }
      ],
      [
        {
          "name": "5* rated perfumes & aftershaves",
          "label": "fragrance > 5* rated perfumes & aftershaves"
        },
        {
          "name": "perfume",
          "label": "fragrance > perfume"
        },
        {
          "name": "gifts for her",
          "label": "gift > gifts for her"
        },
        {
          "name": "luxury fragrance",
          "label": "fragrance > luxury fragrance"
        }
      ],
      [
        {
          "name": "all perfumes",
          "label": "fragrance > perfume > all perfumes"
        },
        {
          "name": "all perfumes",
          "label": "gift > gifts for her > all perfumes"
        }
      ]
    ],
    "reviews": {
      "average": 4.77,
      "count": 477,
      "rounded": 4
    },
    "parent": {
      "product": "2726141",
      "partNumber": "10317934.P",
      "model": "10317934",
      "manufacturerModel": "4181328"
    },
    "images": {
      "thumbnail": "https://boots.scene7.com/is/image/Boots/10317934?wid=45&hei=60&op_sharpen=1"
    },
    "offers": [
      {
        "text": "Save up to 20 percent on selected fragrances"
      }
    ],
    "actions": {},
    "iconUri": "https://boots.scene7.com/is/image/Boots/10317934?op_sharpen=1",
    "title": "YSL Libre Le Parfum 90ml",
    "referenceUri": "/ysl-libre-le-parfum-90ml-10317934",
    "canAddToBasket": "yes",
    "opticians": false,
    "inStock": true,
    "expressDelivery": false,
    "hasOtherPromotion": true,
    "channelPromotionalTextMap": {
      "-1": [
        "Save up to 20 percent on selected fragrances"
      ],
      "-6": [
        "Save up to 20 percent on selected fragrances"
      ]
    },
    "adCardPoints": 381
  },
  {
    "_id": {
      "$oid": "65ec108d9884656b92f556df"
    },
    "ppuQuantity": "75ML",
    "pricing": {
      "perUnit": "£90.67 per 100ML",
      "regular": {
        "value": 80,
        "currency": "GBP",
        "text": "£80.00"
      },
      "current": {
        "value": 68,
        "currency": "GBP",
        "text": "£68.00"
      },
      "saving": {
        "value": 12,
        "currency": "GBP",
        "text": "£12.00"
      }
    },
    "objectId": "2500933",
    "brand": "Yves Saint Laurent",
    "attributes": {
      "fragrance_scent": "floral",
      "gender": "womens",
      "size": "71-100",
      "StockOverrideMessage": "STOCK_COMING_SOON",
      "format": "spray",
      "fragrance_type": "eau de toilette",
      "hasPriceAdvantageDeal": false,
      "Reporting_Category": "fragrance",
      "ProductReviewFlag": "1"
    },
    "variants": {
      "colours": [],
      "hasColours": false,
      "hasSizes": false
    },
    "categories": [
      [
        {
          "name": "fragrance",
          "label": "fragrance"
        },
        {
          "name": "gift",
          "label": "gift"
        }
      ],
      [
        {
          "name": "5* rated perfumes & aftershaves",
          "label": "fragrance > 5* rated perfumes & aftershaves"
        },
        {
          "name": "perfume",
          "label": "fragrance > perfume"
        },
        {
          "name": "fragrance offers",
          "label": "fragrance > fragrance offers"
        },
        {
          "name": "gifts for her",
          "label": "gift > gifts for her"
        },
        {
          "name": "luxury fragrance",
          "label": "fragrance > luxury fragrance"
        }
      ],
      [
        {
          "name": "all perfumes",
          "label": "fragrance > perfume > all perfumes"
        },
        {
          "name": "floral perfume",
          "label": "fragrance > perfume > floral perfume"
        },
        {
          "name": "save up to half price",
          "label": "fragrance > fragrance offers > save up to half price"
        },
        {
          "name": "all perfumes",
          "label": "gift > gifts for her > all perfumes"
        }
      ]
    ],
    "reviews": {
      "average": 4.64,
      "count": 11,
      "rounded": 4
    },
    "parent": {
      "product": "2500932",
      "partNumber": "10292056.P",
      "model": "10292056",
      "manufacturerModel": "2778289"
    },
    "images": {
      "thumbnail": "https://boots.scene7.com/is/image/Boots/10292056?wid=45&hei=60&op_sharpen=1"
    },
    "offers": [
      {
        "text": "Save up to 20 percent on selected fragrances"
      }
    ],
    "actions": {},
    "iconUri": "https://boots.scene7.com/is/image/Boots/10292056?op_sharpen=1",
    "title": "YSL Paris Eau De Toilette 75ml",
    "referenceUri": "/ysl-paris-edt-75ml-10292056",
    "canAddToBasket": "yes",
    "opticians": false,
    "inStock": true,
    "expressDelivery": false,
    "hasOtherPromotion": true,
    "channelPromotionalTextMap": {
      "-1": [
        "Save up to 20 percent on selected fragrances"
      ],
      "-6": [
        "Save up to 20 percent on selected fragrances"
      ]
    },
    "adCardPoints": 204
  },
  {
    "_id": {
      "$oid": "65ec108d9884656b92f556e0"
    },
    "ppuQuantity": "50ML",
    "pricing": {
      "perUnit": "£161.50 per 100ML",
      "regular": {
        "value": 95,
        "currency": "GBP",
        "text": "£95.00"
      },
      "current": {
        "value": 80.75,
        "currency": "GBP",
        "text": "£80.75"
      },
      "saving": {
        "value": 14.25,
        "currency": "GBP",
        "text": "£14.25"
      }
    },
    "objectId": "1846291",
    "brand": "Yves Saint Laurent",
    "attributes": {
      "fragrance_scent": [
        "floral",
        "chypre"
      ],
      "size": "41-50",
      "gender": "womens",
      "StockOverrideMessage": "STOCK_COMING_SOON",
      "parentCategory_UK": "33071",
      "fragrance_type": "eau de parfum",
      "recipient": "gifts for women",
      "hasPriceAdvantageDeal": false,
      "Reporting_Category": "fragrance",
      "gift_type": "fragrance gifts",
      "ProductReviewFlag": "1"
    },
    "variants": {
      "colours": [],
      "hasColours": false,
      "hasSizes": false
    },
    "categories": [
      [
        {
          "name": "gift",
          "label": "gift"
        },
        {
          "name": "fragrance",
          "label": "fragrance"
        }
      ],
      [
        {
          "name": "all gifts",
          "label": "gift > all gifts"
        },
        {
          "name": "perfume",
          "label": "fragrance > perfume"
        },
        {
          "name": "fragrance offers",
          "label": "fragrance > fragrance offers"
        },
        {
          "name": "gifts for her",
          "label": "gift > gifts for her"
        }
      ],
      [
        {
          "name": "all perfumes",
          "label": "fragrance > perfume > all perfumes"
        },
        {
          "name": "floral perfume",
          "label": "fragrance > perfume > floral perfume"
        },
        {
          "name": "Collect £10 worth of points when you spend £60",
          "label": "fragrance > fragrance offers > Collect £10 worth of points when you spend £60"
        },
        {
          "name": "Save 15% on 100s of fragrances",
          "label": "fragrance > fragrance offers > Save 15% on 100s of fragrances"
        },
        {
          "name": "all perfumes",
          "label": "gift > gifts for her > all perfumes"
        }
      ]
    ],
    "reviews": {
      "average": 4.61,
      "count": 1480,
      "rounded": 4
    },
    "parent": {
      "product": "1846290",
      "partNumber": "10215701.P",
      "model": "10215701",
      "manufacturerModel": "6641695"
    },
    "images": {
      "thumbnail": "https://boots.scene7.com/is/image/Boots/10215701?wid=45&hei=60&op_sharpen=1"
    },
    "offers": [
      {
        "text": "Save up to 20 percent on selected fragrances"
      }
    ],
    "actions": {},
    "iconUri": "https://boots.scene7.com/is/image/Boots/10215701?op_sharpen=1",
    "title": "YSL Mon Paris Eau de Parfum 50ml",
    "referenceUri": "/yves-saint-laurent-mon-paris-edp-50ml-10215701",
    "canAddToBasket": "yes",
    "opticians": false,
    "inStock": true,
    "expressDelivery": false,
    "hasOtherPromotion": true,
    "channelPromotionalTextMap": {
      "-1": [
        "Save up to 20 percent on selected fragrances"
      ],
      "-6": [
        "Save up to 20 percent on selected fragrances"
      ]
    },
    "adCardPoints": 240
  },
  {
    "_id": {
      "$oid": "65ec108d9884656b92f556e1"
    },
    "ppuQuantity": "50ML",
    "pricing": {
      "perUnit": "£144.50 per 100ML",
      "regular": {
        "value": 85,
        "currency": "GBP",
        "text": "£85.00"
      },
      "current": {
        "value": 72.25,
        "currency": "GBP",
        "text": "£72.25"
      },
      "saving": {
        "value": 12.75,
        "currency": "GBP",
        "text": "£12.75"
      }
    },
    "objectId": "2518490",
    "brand": "Yves Saint Laurent",
    "attributes": {
      "fragrance_scent": "floral",
      "gender": "womens",
      "StockOverrideMessage": "STOCK_COMING_SOON",
      "size": "41-50",
      "fragrance_type": "eau de toilette",
      "format": "spray",
      "hasPriceAdvantageDeal": false,
      "Reporting_Category": "fragrance",
      "ProductReviewFlag": "1"
    },
    "variants": {
      "colours": [],
      "hasColours": false,
      "hasSizes": false
    },
    "categories": [
      [
        {
          "name": "fragrance",
          "label": "fragrance"
        },
        {
          "name": "gift",
          "label": "gift"
        }
      ],
      [
        {
          "name": "5* rated perfumes & aftershaves",
          "label": "fragrance > 5* rated perfumes & aftershaves"
        },
        {
          "name": "perfume",
          "label": "fragrance > perfume"
        },
        {
          "name": "gifts for her",
          "label": "gift > gifts for her"
        }
      ],
      [
        {
          "name": "all perfumes",
          "label": "fragrance > perfume > all perfumes"
        },
        {
          "name": "floral perfume",
          "label": "fragrance > perfume > floral perfume"
        },
        {
          "name": "all perfumes",
          "label": "gift > gifts for her > all perfumes"
        }
      ]
    ],
    "reviews": {
      "average": 4.77,
      "count": 1085,
      "rounded": 4
    },
    "parent": {
      "product": "2518489",
      "partNumber": "10293539.P",
      "model": "10293539",
      "manufacturerModel": "3258149"
    },
    "images": {
      "thumbnail": "https://boots.scene7.com/is/image/Boots/10293539?wid=45&hei=60&op_sharpen=1"
    },
    "offers": [
      {
        "text": "Save up to 20 percent on selected fragrances"
      }
    ],
    "actions": {},
    "iconUri": "https://boots.scene7.com/is/image/Boots/10293539?op_sharpen=1",
    "title": "YSL Libre Eau de Toilette 50ml",
    "referenceUri": "/ysl-libre-eau-de-toilette-50ml-10293539",
    "canAddToBasket": "yes",
    "opticians": false,
    "inStock": true,
    "expressDelivery": false,
    "hasOtherPromotion": true,
    "channelPromotionalTextMap": {
      "-1": [
        "Save up to 20 percent on selected fragrances"
      ],
      "-6": [
        "Save up to 20 percent on selected fragrances"
      ]
    },
    "adCardPoints": 216
  },
  {
    "_id": {
      "$oid": "65ec108d9884656b92f556e2"
    },
    "ppuQuantity": "90ML",
    "pricing": {
      "perUnit": "£160.56 per 100ML",
      "regular": {
        "value": 170,
        "currency": "GBP",
        "text": "£170.00"
      },
      "current": {
        "value": 144.5,
        "currency": "GBP",
        "text": "£144.50"
      },
      "saving": {
        "value": 25.5,
        "currency": "GBP",
        "text": "£25.50"
      }
    },
    "objectId": "2867211",
    "brand": "Yves Saint Laurent",
    "attributes": {
      "fragrance_scent": "floral",
      "product_type": "body spray",
      "size": "71-100",
      "gender": "womens",
      "StockOverrideMessage": "STOCK_COMING_SOON",
      "format": "spray",
      "hasPriceAdvantageDeal": false,
      "ProductReviewFlag": "1"
    },
    "variants": {
      "colours": [],
      "hasColours": false,
      "hasSizes": false
    },
    "categories": [
      [
        {
          "name": "new in",
          "label": "new in"
        },
        {
          "name": "fragrance",
          "label": "fragrance"
        },
        {
          "name": "gift",
          "label": "gift"
        }
      ],
      [
        {
          "name": "new in fragrance",
          "label": "new in > new in fragrance"
        },
        {
          "name": "perfume",
          "label": "fragrance > perfume"
        },
        {
          "name": "gifts for her",
          "label": "gift > gifts for her"
        },
        {
          "name": "new in fragrance",
          "label": "fragrance > new in fragrance"
        }
      ],
      [
        {
          "name": "all perfumes",
          "label": "fragrance > perfume > all perfumes"
        },
        {
          "name": "floral perfume",
          "label": "fragrance > perfume > floral perfume"
        },
        {
          "name": "all perfumes",
          "label": "gift > gifts for her > all perfumes"
        }
      ]
    ],
    "reviews": {
      "average": 4.87,
      "count": 148,
      "rounded": 4
    },
    "parent": {
      "product": "2867210",
      "partNumber": "10332727.P",
      "model": "10332727",
      "manufacturerModel": "5755956"
    },
    "images": {
      "thumbnail": "https://boots.scene7.com/is/image/Boots/10332727?wid=45&hei=60&op_sharpen=1"
    },
    "offers": [
      {
        "text": "Save up to 20 percent on selected fragrances"
      }
    ],
    "actions": {},
    "iconUri": "https://boots.scene7.com/is/image/Boots/10332727?op_sharpen=1",
    "title": "YSL Libre L’Absolu Platine 90ml",
    "referenceUri": "/ysl-libre-l-absolu-platine-90ml-10332727",
    "canAddToBasket": "yes",
    "opticians": false,
    "inStock": true,
    "expressDelivery": false,
    "hasOtherPromotion": true,
    "channelPromotionalTextMap": {
      "-1": [
        "Save up to 20 percent on selected fragrances"
      ],
      "-6": [
        "Save up to 20 percent on selected fragrances"
      ]
    },
    "adCardPoints": 432
  },
  {
    "_id": {
      "$oid": "65ec108d9884656b92f556e3"
    },
    "ppuQuantity": "50ML",
    "pricing": {
      "perUnit": "£195.50 per 100ML",
      "regular": {
        "value": 115,
        "currency": "GBP",
        "text": "£115.00"
      },
      "current": {
        "value": 97.75,
        "currency": "GBP",
        "text": "£97.75"
      },
      "saving": {
        "value": 17.25,
        "currency": "GBP",
        "text": "£17.25"
      }
    },
    "objectId": "2726140",
    "brand": "Yves Saint Laurent",
    "attributes": {
      "fragrance_scent": [
        "amber",
        "spicy",
        "floral"
      ],
      "gender": "womens",
      "size": "41-50",
      "StockOverrideMessage": "STOCK_COMING_SOON",
      "fragrance_type": "parfum",
      "hasPriceAdvantageDeal": false,
      "ProductReviewFlag": "1"
    },
    "variants": {
      "colours": [],
      "hasColours": false,
      "hasSizes": false
    },
    "categories": [
      [
        {
          "name": "fragrance",
          "label": "fragrance"
        },
        {
          "name": "gift",
          "label": "gift"
        }
      ],
      [
        {
          "name": "5* rated perfumes & aftershaves",
          "label": "fragrance > 5* rated perfumes & aftershaves"
        },
        {
          "name": "perfume",
          "label": "fragrance > perfume"
        },
        {
          "name": "gifts for her",
          "label": "gift > gifts for her"
        },
        {
          "name": "luxury fragrance",
          "label": "fragrance > luxury fragrance"
        }
      ],
      [
        {
          "name": "all perfumes",
          "label": "fragrance > perfume > all perfumes"
        },
        {
          "name": "all perfumes",
          "label": "gift > gifts for her > all perfumes"
        }
      ]
    ],
    "reviews": {
      "average": 4.77,
      "count": 471,
      "rounded": 4
    },
    "parent": {
      "product": "2726139",
      "partNumber": "10317933.P",
      "model": "10317933",
      "manufacturerModel": "4181301"
    },
    "images": {
      "thumbnail": "https://boots.scene7.com/is/image/Boots/10317933?wid=45&hei=60&op_sharpen=1"
    },
    "offers": [
      {
        "text": "Save up to 20 percent on selected fragrances"
      }
    ],
    "actions": {},
    "iconUri": "https://boots.scene7.com/is/image/Boots/10317933?op_sharpen=1",
    "title": "YSL Libre Le Parfum 50ml",
    "referenceUri": "/ysl-libre-le-parfum-50ml-10317933",
    "canAddToBasket": "yes",
    "opticians": false,
    "inStock": true,
    "expressDelivery": false,
    "hasOtherPromotion": true,
    "channelPromotionalTextMap": {
      "-1": [
        "Save up to 20 percent on selected fragrances"
      ],
      "-6": [
        "Save up to 20 percent on selected fragrances"
      ]
    },
    "adCardPoints": 291
  },
  {
    "_id": {
      "$oid": "65ec108d9884656b92f556e4"
    },
    "ppuQuantity": "75ML",
    "pricing": {
      "perUnit": "£119.00 per 100ML",
      "regular": {
        "value": 105,
        "currency": "GBP",
        "text": "£105.00"
      },
      "current": {
        "value": 89.25,
        "currency": "GBP",
        "text": "£89.25"
      },
      "saving": {
        "value": 15.75,
        "currency": "GBP",
        "text": "£15.75"
      }
    },
    "objectId": "2354943",
    "brand": "Yves Saint Laurent",
    "attributes": {
      "fragrance_scent": [
        "floral",
        "fruity",
        "vanilla",
        "coffee",
        "musk"
      ],
      "product_type": "gift set",
      "StockOverrideMessage": "STOCK_COMING_SOON",
      "gender": "womens",
      "size": "71-100",
      "format": "spray",
      "fragrance_type": "eau de parfum",
      "hasPriceAdvantageDeal": false,
      "Reporting_Category": "fragrance",
      "gift_type": "fragrance gift sets",
      "ProductReviewFlag": "1"
    },
    "variants": {
      "colours": [],
      "hasColours": false,
      "hasSizes": false
    },
    "categories": [
      [
        {
          "name": "fragrance",
          "label": "fragrance"
        },
        {
          "name": "gift",
          "label": "gift"
        }
      ],
      [
        {
          "name": "5* rated perfumes & aftershaves",
          "label": "fragrance > 5* rated perfumes & aftershaves"
        },
        {
          "name": "perfume",
          "label": "fragrance > perfume"
        },
        {
          "name": "gifts for her",
          "label": "gift > gifts for her"
        },
        {
          "name": "fragrance offers",
          "label": "fragrance > fragrance offers"
        }
      ],
      [
        {
          "name": "all perfumes",
          "label": "fragrance > perfume > all perfumes"
        },
        {
          "name": "vanilla perfume",
          "label": "fragrance > perfume > vanilla perfume"
        },
        {
          "name": "musky perfume",
          "label": "fragrance > perfume > musky perfume"
        },
        {
          "name": "floral perfume",
          "label": "fragrance > perfume > floral perfume"
        },
        {
          "name": "all perfumes",
          "label": "gift > gifts for her > all perfumes"
        }
      ]
    ],
    "reviews": {
      "average": 4.71,
      "count": 534,
      "rounded": 4
    },
    "parent": {
      "product": "2354942",
      "partNumber": "10275718.P",
      "model": "10275718",
      "manufacturerModel": "8764085"
    },
    "images": {
      "thumbnail": "https://boots.scene7.com/is/image/Boots/10275718?wid=45&hei=60&op_sharpen=1"
    },
    "offers": [
      {
        "text": "Save up to 20 percent on selected fragrances"
      }
    ],
    "actions": {},
    "iconUri": "https://boots.scene7.com/is/image/Boots/10275718?op_sharpen=1",
    "title": "YSL Black Opium Neon Eau de Parfum 75ml",
    "referenceUri": "/yves-saint-laurent-black-opium-neon-eau-de-parfum-75ml-10275718",
    "canAddToBasket": "yes",
    "opticians": false,
    "inStock": true,
    "expressDelivery": false,
    "hasOtherPromotion": true,
    "channelPromotionalTextMap": {
      "-1": [
        "Save up to 20 percent on selected fragrances"
      ],
      "-6": [
        "Save up to 20 percent on selected fragrances"
      ]
    },
    "adCardPoints": 267
  },
  {
    "_id": {
      "$oid": "65ec108d9884656b92f556e5"
    },
    "ppuQuantity": "30ML",
    "pricing": {
      "perUnit": "£226.67 per 100ML",
      "regular": {
        "value": 80,
        "currency": "GBP",
        "text": "£80.00"
      },
      "current": {
        "value": 68,
        "currency": "GBP",
        "text": "£68.00"
      },
      "saving": {
        "value": 12,
        "currency": "GBP",
        "text": "£12.00"
      }
    },
    "objectId": "2726138",
    "brand": "Yves Saint Laurent",
    "attributes": {
      "fragrance_scent": [
        "amber",
        "spicy",
        "floral"
      ],
      "gender": "womens",
      "size": "21-30",
      "StockOverrideMessage": "STOCK_COMING_SOON",
      "fragrance_type": "parfum",
      "hasPriceAdvantageDeal": false,
      "ProductReviewFlag": "1"
    },
    "variants": {
      "colours": [],
      "hasColours": false,
      "hasSizes": false
    },
    "categories": [
      [
        {
          "name": "fragrance",
          "label": "fragrance"
        },
        {
          "name": "gift",
          "label": "gift"
        }
      ],
      [
        {
          "name": "5* rated perfumes & aftershaves",
          "label": "fragrance > 5* rated perfumes & aftershaves"
        },
        {
          "name": "perfume",
          "label": "fragrance > perfume"
        },
        {
          "name": "gifts for her",
          "label": "gift > gifts for her"
        },
        {
          "name": "luxury fragrance",
          "label": "fragrance > luxury fragrance"
        }
      ],
      [
        {
          "name": "all perfumes",
          "label": "fragrance > perfume > all perfumes"
        },
        {
          "name": "all perfumes",
          "label": "gift > gifts for her > all perfumes"
        }
      ]
    ],
    "reviews": {
      "average": 4.78,
      "count": 472,
      "rounded": 4
    },
    "parent": {
      "product": "2726137",
      "partNumber": "10317932.P",
      "model": "10317932",
      "manufacturerModel": "4181298"
    },
    "images": {
      "thumbnail": "https://boots.scene7.com/is/image/Boots/10317932?wid=45&hei=60&op_sharpen=1"
    },
    "offers": [
      {
        "text": "Save up to 20 percent on selected fragrances"
      }
    ],
    "actions": {},
    "iconUri": "https://boots.scene7.com/is/image/Boots/10317932?op_sharpen=1",
    "title": "YSL Libre Le Parfum 30ml",
    "referenceUri": "/ysl-libre-le-parfum-30ml-10317932",
    "canAddToBasket": "yes",
    "opticians": false,
    "inStock": true,
    "expressDelivery": false,
    "hasOtherPromotion": true,
    "channelPromotionalTextMap": {
      "-1": [
        "Save up to 20 percent on selected fragrances"
      ],
      "-6": [
        "Save up to 20 percent on selected fragrances"
      ]
    },
    "adCardPoints": 204
  },
  {
    "_id": {
      "$oid": "65ec108d9884656b92f556e6"
    },
    "ppuQuantity": "50ML",
    "pricing": {
      "perUnit": "£212.50 per 100ML",
      "regular": {
        "value": 125,
        "currency": "GBP",
        "text": "£125.00"
      },
      "current": {
        "value": 106.25,
        "currency": "GBP",
        "text": "£106.25"
      },
      "saving": {
        "value": 18.75,
        "currency": "GBP",
        "text": "£18.75"
      }
    },
    "objectId": "2867209",
    "brand": "Yves Saint Laurent",
    "attributes": {
      "fragrance_scent": "floral",
      "product_type": "body spray",
      "gender": "womens",
      "StockOverrideMessage": "STOCK_COMING_SOON",
      "size": "41-50",
      "format": "spray",
      "hasPriceAdvantageDeal": false,
      "ProductReviewFlag": "1"
    },
    "variants": {
      "colours": [],
      "hasColours": false,
      "hasSizes": false
    },
    "categories": [
      [
        {
          "name": "new in",
          "label": "new in"
        },
        {
          "name": "fragrance",
          "label": "fragrance"
        },
        {
          "name": "gift",
          "label": "gift"
        }
      ],
      [
        {
          "name": "new in fragrance",
          "label": "new in > new in fragrance"
        },
        {
          "name": "perfume",
          "label": "fragrance > perfume"
        },
        {
          "name": "gifts for her",
          "label": "gift > gifts for her"
        },
        {
          "name": "new in fragrance",
          "label": "fragrance > new in fragrance"
        }
      ],
      [
        {
          "name": "all perfumes",
          "label": "fragrance > perfume > all perfumes"
        },
        {
          "name": "floral perfume",
          "label": "fragrance > perfume > floral perfume"
        },
        {
          "name": "all perfumes",
          "label": "gift > gifts for her > all perfumes"
        }
      ]
    ],
    "reviews": {
      "average": 4.87,
      "count": 145,
      "rounded": 4
    },
    "parent": {
      "product": "2867208",
      "partNumber": "10332726.P",
      "model": "10332726",
      "manufacturerModel": "5755948"
    },
    "images": {
      "thumbnail": "https://boots.scene7.com/is/image/Boots/10332726?wid=45&hei=60&op_sharpen=1"
    },
    "offers": [
      {
        "text": "Save up to 20 percent on selected fragrances"
      }
    ],
    "actions": {},
    "iconUri": "https://boots.scene7.com/is/image/Boots/10332726?op_sharpen=1",
    "title": "YSL Libre L’Absolu Platine 50ml",
    "referenceUri": "/ysl-libre-l-absolu-platine-50ml-10332726",
    "canAddToBasket": "yes",
    "opticians": false,
    "inStock": true,
    "expressDelivery": false,
    "hasOtherPromotion": true,
    "channelPromotionalTextMap": {
      "-1": [
        "Save up to 20 percent on selected fragrances"
      ],
      "-6": [
        "Save up to 20 percent on selected fragrances"
      ]
    },
    "adCardPoints": 318
  },
  {
    "_id": {
      "$oid": "65ec108d9884656b92f556e7"
    },
    "ppuQuantity": "30ML",
    "pricing": {
      "perUnit": "£184.17 per 100ML",
      "regular": {
        "value": 65,
        "currency": "GBP",
        "text": "£65.00"
      },
      "current": {
        "value": 55.25,
        "currency": "GBP",
        "text": "£55.25"
      },
      "saving": {
        "value": 9.75,
        "currency": "GBP",
        "text": "£9.75"
      }
    },
    "objectId": "2640779",
    "brand": "Yves Saint Laurent",
    "attributes": {
      "fragrance_scent": "citrus",
      "size": "71-100",
      "StockOverrideMessage": "STOCK_COMING_SOON",
      "fragrance_type": "eau de parfum",
      "hasPriceAdvantageDeal": false,
      "Reporting_Category": "fragrance",
      "ProductReviewFlag": "1"
    },
    "variants": {
      "colours": [],
      "hasColours": false,
      "hasSizes": false
    },
    "categories": [
      [
        {
          "name": "gift",
          "label": "gift"
        },
        {
          "name": "fragrance",
          "label": "fragrance"
        }
      ],
      [
        {
          "name": "Eid gifts",
          "label": "gift > Eid gifts"
        },
        {
          "name": "perfume",
          "label": "fragrance > perfume"
        },
        {
          "name": "gifts for her",
          "label": "gift > gifts for her"
        },
        {
          "name": "5* rated perfumes & aftershaves",
          "label": "fragrance > 5* rated perfumes & aftershaves"
        }
      ],
      [
        {
          "name": "all perfumes",
          "label": "fragrance > perfume > all perfumes"
        },
        {
          "name": "all perfumes",
          "label": "gift > gifts for her > all perfumes"
        }
      ]
    ],
    "reviews": {
      "average": 4.84,
      "count": 37,
      "rounded": 4
    },
    "parent": {
      "product": "2640778",
      "partNumber": "10306770.P",
      "model": "10306770",
      "manufacturerModel": "9014322"
    },
    "images": {
      "thumbnail": "https://boots.scene7.com/is/image/Boots/10306770?wid=45&hei=60&op_sharpen=1"
    },
    "offers": [
      {
        "text": "Save up to 20 percent on selected fragrances"
      }
    ],
    "actions": {},
    "iconUri": "https://boots.scene7.com/is/image/Boots/10306770?op_sharpen=1",
    "title": "YSL Black Opium Illicit Green Eau de Parfum 30ml",
    "referenceUri": "/ysl-black-opium-illicit-green-eau-de-parfum-30ml-10306770",
    "canAddToBasket": "yes",
    "opticians": false,
    "inStock": true,
    "expressDelivery": false,
    "hasOtherPromotion": true,
    "channelPromotionalTextMap": {
      "-1": [
        "Save up to 20 percent on selected fragrances"
      ],
      "-6": [
        "Save up to 20 percent on selected fragrances"
      ]
    },
    "adCardPoints": 165
  },
  {
    "_id": {
      "$oid": "65ec108d9884656b92f556e8"
    },
    "ppuQuantity": "100ML",
    "pricing": {
      "perUnit": "£75.65 per 100ML",
      "regular": {
        "value": 89,
        "currency": "GBP",
        "text": "£89.00"
      },
      "current": {
        "value": 75.65,
        "currency": "GBP",
        "text": "£75.65"
      },
      "saving": {
        "value": 13.35,
        "currency": "GBP",
        "text": "£13.35"
      }
    },
    "objectId": "10206",
    "brand": "Yves Saint Laurent",
    "attributes": {
      "fragrance_scent": [
        "woody",
        "floral",
        "musk"
      ],
      "StockOverrideMessage": "STOCK_COMING_SOON",
      "gender": "womens",
      "size": "71-100",
      "Size": "100 ml",
      "parentCategory_UK": "33071",
      "fragrance_type": "eau de toilette",
      "recipient": "gifts for women",
      "hasPriceAdvantageDeal": false,
      "Reporting_Category": "fragrance",
      "gift_type": "fragrance gifts",
      "ProductReviewFlag": "1"
    },
    "variants": {
      "colours": [],
      "hasColours": false,
      "hasSizes": false
    },
    "categories": [
      [
        {
          "name": "gift",
          "label": "gift"
        },
        {
          "name": "fragrance",
          "label": "fragrance"
        }
      ],
      [
        {
          "name": "gifts for her",
          "label": "gift > gifts for her"
        },
        {
          "name": "perfume",
          "label": "fragrance > perfume"
        },
        {
          "name": "fragrance offers",
          "label": "fragrance > fragrance offers"
        }
      ],
      [
        {
          "name": "all perfumes",
          "label": "fragrance > perfume > all perfumes"
        },
        {
          "name": "musky perfume",
          "label": "fragrance > perfume > musky perfume"
        },
        {
          "name": "floral perfume",
          "label": "fragrance > perfume > floral perfume"
        },
        {
          "name": "save up to half price",
          "label": "fragrance > fragrance offers > save up to half price"
        },
        {
          "name": "save up to 20% on fragrance",
          "label": "fragrance > fragrance offers > save up to 20% on fragrance"
        },
        {
          "name": "Save 15% on 100s of fragrances",
          "label": "fragrance > fragrance offers > Save 15% on 100s of fragrances"
        },
        {
          "name": "all perfumes",
          "label": "gift > gifts for her > all perfumes"
        }
      ]
    ],
    "reviews": {
      "average": 4.73,
      "count": 193,
      "rounded": 4
    },
    "parent": {
      "product": "10205",
      "partNumber": "10029940.P",
      "model": "10029940",
      "manufacturerModel": "4499204"
    },
    "images": {
      "thumbnail": "https://boots.scene7.com/is/image/Boots/10029940?wid=45&hei=60&op_sharpen=1"
    },
    "offers": [
      {
        "text": "Save up to 20 percent on selected fragrances"
      }
    ],
    "actions": {},
    "iconUri": "https://boots.scene7.com/is/image/Boots/10029940?op_sharpen=1",
    "title": "YSL Rive Gauche Eau de Toilette 100ml",
    "referenceUri": "/ysl-rive-gauche-eau-de-toilette-spray-100ml-10029940",
    "canAddToBasket": "yes",
    "opticians": false,
    "inStock": true,
    "expressDelivery": false,
    "hasOtherPromotion": true,
    "channelPromotionalTextMap": {
      "-1": [
        "Save up to 20 percent on selected fragrances"
      ],
      "-6": [
        "Save up to 20 percent on selected fragrances"
      ]
    },
    "adCardPoints": 225
  },
  {
    "_id": {
      "$oid": "65ec108d9884656b92f556e9"
    },
    "ppuQuantity": "50ML",
    "pricing": {
      "perUnit": "£173.40 per 100ML",
      "regular": {
        "value": 102,
        "currency": "GBP",
        "text": "£102.00"
      },
      "current": {
        "value": 86.7,
        "currency": "GBP",
        "text": "£86.70"
      },
      "saving": {
        "value": 15.3,
        "currency": "GBP",
        "text": "£15.30"
      }
    },
    "objectId": "2558453",
    "brand": "Yves Saint Laurent",
    "attributes": {
      "fragrance_scent": "coffee",
      "size": "41-50",
      "StockOverrideMessage": "STOCK_COMING_SOON",
      "recipient": "gifts for women",
      "fragrance_type": "eau de parfum",
      "hasPriceAdvantageDeal": false,
      "Reporting_Category": "fragrance",
      "gift_type": "fragrance gifts",
      "ProductReviewFlag": "1"
    },
    "variants": {
      "colours": [],
      "hasColours": false,
      "hasSizes": false
    },
    "categories": [
      [
        {
          "name": "fragrance",
          "label": "fragrance"
        },
        {
          "name": "gift",
          "label": "gift"
        }
      ],
      [
        {
          "name": "5* rated perfumes & aftershaves",
          "label": "fragrance > 5* rated perfumes & aftershaves"
        },
        {
          "name": "perfume",
          "label": "fragrance > perfume"
        },
        {
          "name": "gifts for her",
          "label": "gift > gifts for her"
        }
      ],
      [
        {
          "name": "all perfumes",
          "label": "fragrance > perfume > all perfumes"
        },
        {
          "name": "all perfumes",
          "label": "gift > gifts for her > all perfumes"
        }
      ]
    ],
    "reviews": {
      "average": 4.78,
      "count": 2352,
      "rounded": 4
    },
    "parent": {
      "product": "2558452",
      "partNumber": "10297390.P",
      "model": "10297390",
      "manufacturerModel": "4670205"
    },
    "images": {
      "thumbnail": "https://boots.scene7.com/is/image/Boots/10297390?wid=45&hei=60&op_sharpen=1"
    },
    "offers": [
      {
        "text": "Save up to 20 percent on selected fragrances"
      }
    ],
    "actions": {},
    "iconUri": "https://boots.scene7.com/is/image/Boots/10297390?op_sharpen=1",
    "title": "YSL Black Opium Eau de Parfum Extreme 50ml",
    "referenceUri": "/ysl-black-opium-eau-de-parfum-extreme-50ml-10297390",
    "canAddToBasket": "yes",
    "opticians": false,
    "inStock": true,
    "expressDelivery": false,
    "hasOtherPromotion": true,
    "channelPromotionalTextMap": {
      "-1": [
        "Save up to 20 percent on selected fragrances"
      ],
      "-6": [
        "Save up to 20 percent on selected fragrances"
      ]
    },
    "adCardPoints": 258
  },
  {
    "_id": {
      "$oid": "65ec108d9884656b92f556ea"
    },
    "ppuQuantity": "90ML",
    "pricing": {
      "perUnit": "£108.61 per 100ML",
      "regular": {
        "value": 115,
        "currency": "GBP",
        "text": "£115.00"
      },
      "current": {
        "value": 97.75,
        "currency": "GBP",
        "text": "£97.75"
      },
      "saving": {
        "value": 17.25,
        "currency": "GBP",
        "text": "£17.25"
      }
    },
    "objectId": "15071",
    "brand": "Yves Saint Laurent",
    "attributes": {
      "fragrance_scent": "fruity",
      "StockOverrideMessage": "STOCK_COMING_SOON",
      "gender": "womens",
      "Size": "90 ml",
      "parentCategory_UK": "33071",
      "fragrance_type": [
        "eau de toilette",
        "eau de parfum"
      ],
      "format": "spray",
      "hasPriceAdvantageDeal": false,
      "Reporting_Category": "fragrance",
      "ProductReviewFlag": "1"
    },
    "variants": {
      "colours": [],
      "hasColours": false,
      "hasSizes": false
    },
    "categories": [
      [
        {
          "name": "fragrance",
          "label": "fragrance"
        },
        {
          "name": "gift",
          "label": "gift"
        }
      ],
      [
        {
          "name": "luxury fragrance",
          "label": "fragrance > luxury fragrance"
        },
        {
          "name": "perfume",
          "label": "fragrance > perfume"
        },
        {
          "name": "gifts for her",
          "label": "gift > gifts for her"
        }
      ],
      [
        {
          "name": "all perfumes",
          "label": "fragrance > perfume > all perfumes"
        },
        {
          "name": "all perfumes",
          "label": "gift > gifts for her > all perfumes"
        }
      ]
    ],
    "reviews": {
      "average": 4.41,
      "count": 27,
      "rounded": 4
    },
    "parent": {
      "product": "15070",
      "partNumber": "10040786.P",
      "model": "10040786",
      "manufacturerModel": "2538040"
    },
    "images": {
      "thumbnail": "https://boots.scene7.com/is/image/Boots/10040786?wid=45&hei=60&op_sharpen=1"
    },
    "offers": [
      {
        "text": "Save up to 20 percent on selected fragrances"
      }
    ],
    "actions": {},
    "iconUri": "https://boots.scene7.com/is/image/Boots/10040786?op_sharpen=1",
    "title": "YSL Cinema Eau De Parfum 90ml",
    "referenceUri": "/ysl-cinemaedp-90ml-10040786",
    "canAddToBasket": "yes",
    "opticians": false,
    "inStock": true,
    "expressDelivery": false,
    "hasOtherPromotion": true,
    "channelPromotionalTextMap": {
      "-1": [
        "Save up to 20 percent on selected fragrances"
      ],
      "-6": [
        "Save up to 20 percent on selected fragrances"
      ]
    },
    "adCardPoints": 291
  },
  {
    "_id": {
      "$oid": "65ec108d9884656b92f556eb"
    },
    "ppuQuantity": "90ML",
    "pricing": {
      "perUnit": "£138.83 per 100ML",
      "regular": {
        "value": 147,
        "currency": "GBP",
        "text": "£147.00"
      },
      "current": {
        "value": 124.95,
        "currency": "GBP",
        "text": "£124.95"
      },
      "saving": {
        "value": 22.05,
        "currency": "GBP",
        "text": "£22.05"
      }
    },
    "objectId": "2779671",
    "brand": "Yves Saint Laurent",
    "attributes": {
      "hasPriceAdvantageDeal": false,
      "StockOverrideMessage": "STOCK_COMING_SOON",
      "ProductReviewFlag": "1"
    },
    "variants": {
      "colours": [],
      "hasColours": false,
      "hasSizes": false
    },
    "categories": [
      [
        {
          "name": "fragrance",
          "label": "fragrance"
        },
        {
          "name": "gift",
          "label": "gift"
        }
      ],
      [
        {
          "name": "5* rated perfumes & aftershaves",
          "label": "fragrance > 5* rated perfumes & aftershaves"
        },
        {
          "name": "perfume",
          "label": "fragrance > perfume"
        },
        {
          "name": "gifts for her",
          "label": "gift > gifts for her"
        },
        {
          "name": "luxury fragrance",
          "label": "fragrance > luxury fragrance"
        }
      ],
      [
        {
          "name": "all perfumes",
          "label": "fragrance > perfume > all perfumes"
        },
        {
          "name": "floral perfume",
          "label": "fragrance > perfume > floral perfume"
        },
        {
          "name": "all perfumes",
          "label": "gift > gifts for her > all perfumes"
        }
      ]
    ],
    "reviews": {
      "average": 4.86,
      "count": 700,
      "rounded": 4
    },
    "parent": {
      "product": "2779670",
      "partNumber": "10322860.P",
      "model": "10322860",
      "manufacturerModel": "5268087"
    },
    "images": {
      "thumbnail": "https://boots.scene7.com/is/image/Boots/10322860?wid=45&hei=60&op_sharpen=1"
    },
    "offers": [
      {
        "text": "Save up to 20 percent on selected fragrances"
      }
    ],
    "actions": {},
    "iconUri": "https://boots.scene7.com/is/image/Boots/10322860?op_sharpen=1",
    "title": "YSL Black Opium Le Parfum 90ml",
    "referenceUri": "/ysl-black-opium-le-parfum-90ml-10322860",
    "canAddToBasket": "yes",
    "opticians": false,
    "inStock": true,
    "expressDelivery": false,
    "hasOtherPromotion": true,
    "channelPromotionalTextMap": {
      "-1": [
        "Save up to 20 percent on selected fragrances"
      ],
      "-6": [
        "Save up to 20 percent on selected fragrances"
      ]
    },
    "adCardPoints": 372
  },
  {
    "_id": {
      "$oid": "65ec108d9884656b92f556ec"
    },
    "ppuQuantity": "50ML",
    "pricing": {
      "perUnit": "£187.00 per 100ML",
      "regular": {
        "value": 110,
        "currency": "GBP",
        "text": "£110.00"
      },
      "current": {
        "value": 93.5,
        "currency": "GBP",
        "text": "£93.50"
      },
      "saving": {
        "value": 16.5,
        "currency": "GBP",
        "text": "£16.50"
      }
    },
    "objectId": "2779669",
    "brand": "Yves Saint Laurent",
    "attributes": {
      "hasPriceAdvantageDeal": false,
      "StockOverrideMessage": "STOCK_COMING_SOON",
      "ProductReviewFlag": "1"
    },
    "variants": {
      "colours": [],
      "hasColours": false,
      "hasSizes": false
    },
    "categories": [
      [
        {
          "name": "fragrance",
          "label": "fragrance"
        },
        {
          "name": "gift",
          "label": "gift"
        }
      ],
      [
        {
          "name": "5* rated perfumes & aftershaves",
          "label": "fragrance > 5* rated perfumes & aftershaves"
        },
        {
          "name": "perfume",
          "label": "fragrance > perfume"
        },
        {
          "name": "gifts for her",
          "label": "gift > gifts for her"
        },
        {
          "name": "luxury fragrance",
          "label": "fragrance > luxury fragrance"
        }
      ],
      [
        {
          "name": "all perfumes",
          "label": "fragrance > perfume > all perfumes"
        },
        {
          "name": "floral perfume",
          "label": "fragrance > perfume > floral perfume"
        },
        {
          "name": "all perfumes",
          "label": "gift > gifts for her > all perfumes"
        }
      ]
    ],
    "reviews": {
      "average": 4.86,
      "count": 698,
      "rounded": 4
    },
    "parent": {
      "product": "2779668",
      "partNumber": "10322859.P",
      "model": "10322859",
      "manufacturerModel": "5268079"
    },
    "images": {
      "thumbnail": "https://boots.scene7.com/is/image/Boots/10322859?wid=45&hei=60&op_sharpen=1"
    },
    "offers": [
      {
        "text": "Save up to 20 percent on selected fragrances"
      }
    ],
    "actions": {},
    "iconUri": "https://boots.scene7.com/is/image/Boots/10322859?op_sharpen=1",
    "title": "YSL Black Opium Le Parfum 50ml",
    "referenceUri": "/ysl-black-opium-le-parfum-50ml-10322859",
    "canAddToBasket": "yes",
    "opticians": false,
    "inStock": true,
    "expressDelivery": false,
    "hasOtherPromotion": true,
    "channelPromotionalTextMap": {
      "-1": [
        "Save up to 20 percent on selected fragrances"
      ],
      "-6": [
        "Save up to 20 percent on selected fragrances"
      ]
    },
    "adCardPoints": 279
  },
  {
    "_id": {
      "$oid": "65ec108d9884656b92f556ed"
    },
    "ppuQuantity": "30ML",
    "pricing": {
      "perUnit": "£223.83 per 100ML",
      "regular": {
        "value": 79,
        "currency": "GBP",
        "text": "£79.00"
      },
      "current": {
        "value": 67.15,
        "currency": "GBP",
        "text": "£67.15"
      },
      "saving": {
        "value": 11.85,
        "currency": "GBP",
        "text": "£11.85"
      }
    },
    "objectId": "2779667",
    "brand": "Yves Saint Laurent",
    "attributes": {
      "hasPriceAdvantageDeal": false,
      "StockOverrideMessage": "STOCK_COMING_SOON",
      "ProductReviewFlag": "1"
    },
    "variants": {
      "colours": [],
      "hasColours": false,
      "hasSizes": false
    },
    "categories": [
      [
        {
          "name": "fragrance",
          "label": "fragrance"
        },
        {
          "name": "gift",
          "label": "gift"
        }
      ],
      [
        {
          "name": "5* rated perfumes & aftershaves",
          "label": "fragrance > 5* rated perfumes & aftershaves"
        },
        {
          "name": "perfume",
          "label": "fragrance > perfume"
        },
        {
          "name": "gifts for her",
          "label": "gift > gifts for her"
        },
        {
          "name": "luxury fragrance",
          "label": "fragrance > luxury fragrance"
        }
      ],
      [
        {
          "name": "all perfumes",
          "label": "fragrance > perfume > all perfumes"
        },
        {
          "name": "floral perfume",
          "label": "fragrance > perfume > floral perfume"
        },
        {
          "name": "all perfumes",
          "label": "gift > gifts for her > all perfumes"
        }
      ]
    ],
    "reviews": {
      "average": 4.86,
      "count": 699,
      "rounded": 4
    },
    "parent": {
      "product": "2779666",
      "partNumber": "10322858.P",
      "model": "10322858",
      "manufacturerModel": "5268060"
    },
    "images": {
      "thumbnail": "https://boots.scene7.com/is/image/Boots/10322858?wid=45&hei=60&op_sharpen=1"
    },
    "offers": [
      {
        "text": "Save up to 20 percent on selected fragrances"
      }
    ],
    "actions": {},
    "iconUri": "https://boots.scene7.com/is/image/Boots/10322858?op_sharpen=1",
    "title": "YSL Black Opium Le Parfum 30ml",
    "referenceUri": "/ysl-black-opium-le-parfum-30ml-10322858",
    "canAddToBasket": "yes",
    "opticians": false,
    "inStock": true,
    "expressDelivery": false,
    "hasOtherPromotion": true,
    "channelPromotionalTextMap": {
      "-1": [
        "Save up to 20 percent on selected fragrances"
      ],
      "-6": [
        "Save up to 20 percent on selected fragrances"
      ]
    },
    "adCardPoints": 201
  },
  {
    "_id": {
      "$oid": "65ec108d9884656b92f556ee"
    },
    "ppuQuantity": "90ML",
    "pricing": {
      "perUnit": "£122.78 per 100ML",
      "regular": {
        "value": 130,
        "currency": "GBP",
        "text": "£130.00"
      },
      "current": {
        "value": 110.5,
        "currency": "GBP",
        "text": "£110.50"
      },
      "saving": {
        "value": 19.5,
        "currency": "GBP",
        "text": "£19.50"
      }
    },
    "objectId": "2558451",
    "brand": "Yves Saint Laurent",
    "attributes": {
      "fragrance_scent": "coffee",
      "size": "71-100",
      "StockOverrideMessage": "STOCK_COMING_SOON",
      "fragrance_type": "eau de parfum",
      "hasPriceAdvantageDeal": false,
      "Reporting_Category": "fragrance",
      "ProductReviewFlag": "1"
    },
    "variants": {
      "colours": [],
      "hasColours": false,
      "hasSizes": false
    },
    "categories": [
      [
        {
          "name": "fragrance",
          "label": "fragrance"
        },
        {
          "name": "gift",
          "label": "gift"
        }
      ],
      [
        {
          "name": "5* rated perfumes & aftershaves",
          "label": "fragrance > 5* rated perfumes & aftershaves"
        },
        {
          "name": "perfume",
          "label": "fragrance > perfume"
        },
        {
          "name": "gifts for her",
          "label": "gift > gifts for her"
        }
      ],
      [
        {
          "name": "all perfumes",
          "label": "fragrance > perfume > all perfumes"
        },
        {
          "name": "all perfumes",
          "label": "gift > gifts for her > all perfumes"
        }
      ]
    ],
    "reviews": {
      "average": 4.79,
      "count": 2212,
      "rounded": 4
    },
    "parent": {
      "product": "2558450",
      "partNumber": "10297389.P",
      "model": "10297389",
      "manufacturerModel": "4670191"
    },
    "images": {
      "thumbnail": "https://boots.scene7.com/is/image/Boots/10297389?wid=45&hei=60&op_sharpen=1"
    },
    "offers": [
      {
        "text": "Save up to 20 percent on selected fragrances"
      }
    ],
    "actions": {},
    "iconUri": "https://boots.scene7.com/is/image/Boots/10297389?op_sharpen=1",
    "title": "YSL Black Opium Eau de Parfum Extreme 90ml",
    "referenceUri": "/ysl-black-opium-eau-de-parfum-extreme-90ml-10297389",
    "canAddToBasket": "yes",
    "opticians": false,
    "inStock": true,
    "expressDelivery": false,
    "hasOtherPromotion": true,
    "channelPromotionalTextMap": {
      "-1": [
        "Save up to 20 percent on selected fragrances"
      ],
      "-6": [
        "Save up to 20 percent on selected fragrances"
      ]
    },
    "adCardPoints": 330
  },
  {
    "_id": {
      "$oid": "65ec108d9884656b92f556ef"
    },
    "ppuQuantity": "50ML",
    "pricing": {
      "perUnit": "£156.40 per 100ML",
      "regular": {
        "value": 92,
        "currency": "GBP",
        "text": "£92.00"
      },
      "current": {
        "value": 78.2,
        "currency": "GBP",
        "text": "£78.20"
      },
      "saving": {
        "value": 13.8,
        "currency": "GBP",
        "text": "£13.80"
      }
    },
    "objectId": "2717127",
    "brand": "Paco Rabanne",
    "attributes": {
      "fragrance_scent": [
        "fruity",
        "jasmine",
        "vanilla",
        "woody",
        "floral"
      ],
      "size": "41-50",
      "StockOverrideMessage": "STOCK_COMING_SOON",
      "gender": "womens",
      "fragrance_type": "eau de parfum",
      "hasPriceAdvantageDeal": false,
      "hiddenExcludeFromRecs": "Yes",
      "ProductReviewFlag": "1"
    },
    "variants": {
      "colours": [],
      "hasColours": false,
      "hasSizes": false
    },
    "categories": [
      [
        {
          "name": "fragrance",
          "label": "fragrance"
        },
        {
          "name": "gift",
          "label": "gift"
        }
      ],
      [
        {
          "name": "perfume",
          "label": "fragrance > perfume"
        },
        {
          "name": "recommended",
          "label": "fragrance > recommended"
        },
        {
          "name": "gifts for her",
          "label": "gift > gifts for her"
        },
        {
          "name": "5* rated perfumes & aftershaves",
          "label": "fragrance > 5* rated perfumes & aftershaves"
        }
      ],
      [
        {
          "name": "all perfumes",
          "label": "fragrance > perfume > all perfumes"
        },
        {
          "name": "trending fragrance",
          "label": "fragrance > recommended > trending fragrance"
        },
        {
          "name": "best floral perfumes",
          "label": "fragrance > recommended > best floral perfumes"
        },
        {
          "name": "all perfumes",
          "label": "gift > gifts for her > all perfumes"
        }
      ]
    ],
    "reviews": {
      "average": 4.75,
      "count": 3769,
      "rounded": 4
    },
    "parent": {
      "product": "2717126",
      "partNumber": "10317223.P",
      "model": "10317223",
      "manufacturerModel": "4139747"
    },
    "images": {
      "thumbnail": "https://boots.scene7.com/is/image/Boots/10317223?wid=45&hei=60&op_sharpen=1"
    },
    "offers": [
      {
        "text": "Save 15 percent on selected fragrance"
      }
    ],
    "actions": {},
    "iconUri": "https://boots.scene7.com/is/image/Boots/10317223?op_sharpen=1",
    "title": "Rabanne Fame Eau De Parfum 50ml",
    "referenceUri": "/paco-rabanne-fame-eau-de-parfum-50ml-10317223",
    "canAddToBasket": "yes",
    "opticians": false,
    "inStock": true,
    "expressDelivery": false,
    "hasOtherPromotion": true,
    "channelPromotionalTextMap": {
      "-1": [
        "Save 15 percent on selected fragrance"
      ],
      "-6": [
        "Save 15 percent on selected fragrance"
      ]
    },
    "adCardPoints": 234
  },
  {
    "_id": {
      "$oid": "65ec108d9884656b92f556f0"
    },
    "ppuQuantity": "50ML",
    "pricing": {
      "perUnit": "£132.60 per 100ML",
      "regular": {
        "value": 78,
        "currency": "GBP",
        "text": "£78.00"
      },
      "current": {
        "value": 66.3,
        "currency": "GBP",
        "text": "£66.30"
      },
      "saving": {
        "value": 11.7,
        "currency": "GBP",
        "text": "£11.70"
      }
    },
    "objectId": "1716914",
    "brand": "Paco Rabanne",
    "attributes": {
      "fragrance_scent": [
        "vanilla",
        "amber",
        "floral"
      ],
      "size": "41-50",
      "StockOverrideMessage": "STOCK_COMING_SOON",
      "gender": "womens",
      "parentCategory_UK": "33071",
      "fragrance_type": "eau de parfum",
      "hasPriceAdvantageDeal": false,
      "Reporting_Category": "fragrance",
      "ProductReviewFlag": "1"
    },
    "variants": {
      "colours": [],
      "hasColours": false,
      "hasSizes": false
    },
    "categories": [
      [
        {
          "name": "fragrance",
          "label": "fragrance"
        },
        {
          "name": "gift",
          "label": "gift"
        }
      ],
      [
        {
          "name": "recommended",
          "label": "fragrance > recommended"
        },
        {
          "name": "perfume",
          "label": "fragrance > perfume"
        },
        {
          "name": "fragrance offers",
          "label": "fragrance > fragrance offers"
        },
        {
          "name": "gifts for her",
          "label": "gift > gifts for her"
        },
        {
          "name": "5* rated perfumes & aftershaves",
          "label": "fragrance > 5* rated perfumes & aftershaves"
        }
      ],
      [
        {
          "name": "all perfumes",
          "label": "fragrance > perfume > all perfumes"
        },
        {
          "name": "vanilla perfume",
          "label": "fragrance > perfume > vanilla perfume"
        },
        {
          "name": "floral perfume",
          "label": "fragrance > perfume > floral perfume"
        },
        {
          "name": "amber perfume",
          "label": "fragrance > perfume > amber perfume"
        },
        {
          "name": "save 15 pounds",
          "label": "fragrance > fragrance offers > save 15 pounds"
        },
        {
          "name": "best floral perfumes",
          "label": "fragrance > recommended > best floral perfumes"
        },
        {
          "name": "all perfumes",
          "label": "gift > gifts for her > all perfumes"
        }
      ]
    ],
    "reviews": {
      "average": 4.75,
      "count": 1191,
      "rounded": 4
    },
    "parent": {
      "product": "1716913",
      "partNumber": "10200020.P",
      "model": "10200020",
      "manufacturerModel": "6293689"
    },
    "images": {
      "thumbnail": "https://boots.scene7.com/is/image/Boots/10200020?wid=45&hei=60&op_sharpen=1"
    },
    "offers": [
      {
        "text": "Save 15 percent on selected fragrance"
      }
    ],
    "actions": {},
    "iconUri": "https://boots.scene7.com/is/image/Boots/10200020?op_sharpen=1",
    "title": "Rabanne Olympea Eau De Parfum 50ml",
    "referenceUri": "/paco-rabanne-olympea-eau-de-parfum-50ml-10200020",
    "canAddToBasket": "yes",
    "opticians": false,
    "inStock": true,
    "expressDelivery": false,
    "hasOtherPromotion": true,
    "channelPromotionalTextMap": {
      "-1": [
        "Save 15 percent on selected fragrance"
      ],
      "-6": [
        "Save 15 percent on selected fragrance"
      ]
    },
    "adCardPoints": 198
  },
  {
    "_id": {
      "$oid": "65ec108d9884656b92f556f1"
    },
    "ppuQuantity": "50ML",
    "pricing": {
      "perUnit": "£132.60 per 100ML",
      "regular": {
        "value": 78,
        "currency": "GBP",
        "text": "£78.00"
      },
      "current": {
        "value": 66.3,
        "currency": "GBP",
        "text": "£66.30"
      },
      "saving": {
        "value": 11.7,
        "currency": "GBP",
        "text": "£11.70"
      }
    },
    "objectId": "1116315",
    "brand": "Paco Rabanne",
    "attributes": {
      "fragrance_scent": [
        "woody",
        "aromatic",
        "citrus",
        "fruity",
        "floral"
      ],
      "StockOverrideMessage": "STOCK_COMING_SOON",
      "gender": "womens",
      "size": "41-50",
      "parentCategory_UK": "33071",
      "format": "spray",
      "fragrance_type": "eau de parfum",
      "recipient": "gifts for women",
      "hasPriceAdvantageDeal": false,
      "Reporting_Category": "fragrance",
      "gift_type": "fragrance gifts",
      "ProductReviewFlag": "1"
    },
    "variants": {
      "colours": [],
      "hasColours": false,
      "hasSizes": false
    },
    "categories": [
      [
        {
          "name": "mother's day",
          "label": "mother's day"
        },
        {
          "name": "fragrance",
          "label": "fragrance"
        },
        {
          "name": "gift",
          "label": "gift"
        }
      ],
      [
        {
          "name": "shop all",
          "label": "mother's day > shop all"
        },
        {
          "name": "perfume",
          "label": "fragrance > perfume"
        },
        {
          "name": "fragrance offers",
          "label": "fragrance > fragrance offers"
        },
        {
          "name": "recommended",
          "label": "fragrance > recommended"
        },
        {
          "name": "gifts for her",
          "label": "gift > gifts for her"
        },
        {
          "name": "all gifts",
          "label": "gift > all gifts"
        }
      ],
      [
        {
          "name": "all perfumes",
          "label": "fragrance > perfume > all perfumes"
        },
        {
          "name": "floral perfume",
          "label": "fragrance > perfume > floral perfume"
        },
        {
          "name": "save up to 60 percent",
          "label": "fragrance > fragrance offers > save up to 60 percent"
        },
        {
          "name": "Triple points on top scents",
          "label": "fragrance > fragrance offers > Triple points on top scents"
        },
        {
          "name": "save up to 20% on fragrance",
          "label": "fragrance > fragrance offers > save up to 20% on fragrance"
        },
        {
          "name": "black friday fragrance offers",
          "label": "fragrance > fragrance offers > black friday fragrance offers"
        },
        {
          "name": "best floral perfumes",
          "label": "fragrance > recommended > best floral perfumes"
        },
        {
          "name": "all perfumes",
          "label": "gift > gifts for her > all perfumes"
        }
      ]
    ],
    "reviews": {
      "average": 4.77,
      "count": 477,
      "rounded": 4
    },
    "parent": {
      "product": "1116314",
      "partNumber": "10111920.P",
      "model": "10111920",
      "manufacturerModel": "7623836"
    },
    "images": {
      "thumbnail": "https://boots.scene7.com/is/image/Boots/10111920?wid=45&hei=60&op_sharpen=1"
    },
    "offers": [
      {
        "text": "Save 15 percent on selected fragrance"
      }
    ],
    "actions": {},
    "iconUri": "https://boots.scene7.com/is/image/Boots/10111920?op_sharpen=1",
    "title": "Rabanne Lady Million Eau De Parfum 50ml",
    "referenceUri": "/paco-rabanne-lady-million-eau-de-parfum-50ml-10111920",
    "canAddToBasket": "yes",
    "opticians": false,
    "inStock": true,
    "expressDelivery": false,
    "hasOtherPromotion": true,
    "channelPromotionalTextMap": {
      "-1": [
        "Save 15 percent on selected fragrance"
      ],
      "-6": [
        "Save 15 percent on selected fragrance"
      ]
    },
    "adCardPoints": 198
  },
  {
    "_id": {
      "$oid": "65ec108d9884656b92f556f2"
    },
    "ppuQuantity": "80ML",
    "pricing": {
      "perUnit": "£103.06 per 100ML",
      "regular": {
        "value": 97,
        "currency": "GBP",
        "text": "£97.00"
      },
      "current": {
        "value": 82.45,
        "currency": "GBP",
        "text": "£82.45"
      },
      "saving": {
        "value": 14.55,
        "currency": "GBP",
        "text": "£14.55"
      }
    },
    "objectId": "1716916",
    "brand": "Paco Rabanne",
    "attributes": {
      "fragrance_scent": [
        "floral",
        "amber",
        "vanilla"
      ],
      "StockOverrideMessage": "STOCK_COMING_SOON",
      "size": "71-100",
      "gender": "womens",
      "parentCategory_UK": "33071",
      "recipient": "gifts for women",
      "fragrance_type": "eau de parfum",
      "hasPriceAdvantageDeal": false,
      "Reporting_Category": "fragrance",
      "gift_type": "fragrance gifts",
      "ProductReviewFlag": "1"
    },
    "variants": {
      "colours": [],
      "hasColours": false,
      "hasSizes": false
    },
    "categories": [
      [
        {
          "name": "gift",
          "label": "gift"
        },
        {
          "name": "fragrance",
          "label": "fragrance"
        }
      ],
      [
        {
          "name": "all gifts",
          "label": "gift > all gifts"
        },
        {
          "name": "perfume",
          "label": "fragrance > perfume"
        },
        {
          "name": "fragrance offers",
          "label": "fragrance > fragrance offers"
        },
        {
          "name": "recommended",
          "label": "fragrance > recommended"
        },
        {
          "name": "gifts for her",
          "label": "gift > gifts for her"
        },
        {
          "name": "5* rated perfumes & aftershaves",
          "label": "fragrance > 5* rated perfumes & aftershaves"
        }
      ],
      [
        {
          "name": "all perfumes",
          "label": "fragrance > perfume > all perfumes"
        },
        {
          "name": "vanilla perfume",
          "label": "fragrance > perfume > vanilla perfume"
        },
        {
          "name": "floral perfume",
          "label": "fragrance > perfume > floral perfume"
        },
        {
          "name": "amber perfume",
          "label": "fragrance > perfume > amber perfume"
        },
        {
          "name": "save up to 60 percent",
          "label": "fragrance > fragrance offers > save up to 60 percent"
        },
        {
          "name": "save up to 20% on fragrance",
          "label": "fragrance > fragrance offers > save up to 20% on fragrance"
        },
        {
          "name": "best floral perfumes",
          "label": "fragrance > recommended > best floral perfumes"
        },
        {
          "name": "all perfumes",
          "label": "gift > gifts for her > all perfumes"
        }
      ]
    ],
    "reviews": {
      "average": 4.75,
      "count": 1191,
      "rounded": 4
    },
    "parent": {
      "product": "1716915",
      "partNumber": "10200021.P",
      "model": "10200021",
      "manufacturerModel": "6293697"
    },
    "images": {
      "thumbnail": "https://boots.scene7.com/is/image/Boots/10200021?wid=45&hei=60&op_sharpen=1"
    },
    "offers": [
      {
        "text": "Save 15 percent on selected fragrance"
      }
    ],
    "actions": {},
    "iconUri": "https://boots.scene7.com/is/image/Boots/10200021?op_sharpen=1",
    "title": "Rabanne Olympea Eau De Parfum 80ml",
    "referenceUri": "/paco-rabanne-olympea-eau-de-parfum-80ml-10200021",
    "canAddToBasket": "yes",
    "opticians": false,
    "inStock": true,
    "expressDelivery": false,
    "hasOtherPromotion": true,
    "channelPromotionalTextMap": {
      "-1": [
        "Save 15 percent on selected fragrance"
      ],
      "-6": [
        "Save 15 percent on selected fragrance"
      ]
    },
    "adCardPoints": 246
  },
  {
    "_id": {
      "$oid": "65ec108d9884656b92f556f3"
    },
    "ppuQuantity": "30ML",
    "pricing": {
      "perUnit": "£158.67 per 100ML",
      "regular": {
        "value": 56,
        "currency": "GBP",
        "text": "£56.00"
      },
      "current": {
        "value": 47.6,
        "currency": "GBP",
        "text": "£47.60"
      },
      "saving": {
        "value": 8.4,
        "currency": "GBP",
        "text": "£8.40"
      }
    },
    "objectId": "1116317",
    "brand": "Paco Rabanne",
    "attributes": {
      "fragrance_scent": [
        "citrus",
        "fruity",
        "woody",
        "aromatic",
        "floral"
      ],
      "StockOverrideMessage": "STOCK_COMING_SOON",
      "gender": "womens",
      "Size": "30ml",
      "parentCategory_UK": "33071",
      "fragrance_type": "eau de parfum",
      "hasPriceAdvantageDeal": false,
      "Reporting_Category": "fragrance",
      "ProductReviewFlag": "1"
    },
    "variants": {
      "colours": [],
      "hasColours": false,
      "hasSizes": false
    },
    "categories": [
      [
        {
          "name": "mother's day",
          "label": "mother's day"
        },
        {
          "name": "fragrance",
          "label": "fragrance"
        },
        {
          "name": "gift",
          "label": "gift"
        }
      ],
      [
        {
          "name": "shop all",
          "label": "mother's day > shop all"
        },
        {
          "name": "perfume",
          "label": "fragrance > perfume"
        },
        {
          "name": "gifts for her",
          "label": "gift > gifts for her"
        },
        {
          "name": "5* rated perfumes & aftershaves",
          "label": "fragrance > 5* rated perfumes & aftershaves"
        }
      ],
      [
        {
          "name": "all perfumes",
          "label": "fragrance > perfume > all perfumes"
        },
        {
          "name": "floral perfume",
          "label": "fragrance > perfume > floral perfume"
        },
        {
          "name": "all perfumes",
          "label": "gift > gifts for her > all perfumes"
        }
      ]
    ],
    "reviews": {
      "average": 4.77,
      "count": 2762,
      "rounded": 4
    },
    "parent": {
      "product": "1116316",
      "partNumber": "10111921.P",
      "model": "10111921",
      "manufacturerModel": "7623828"
    },
    "images": {
      "thumbnail": "https://boots.scene7.com/is/image/Boots/10111921?wid=45&hei=60&op_sharpen=1"
    },
    "offers": [
      {
        "text": "Save 15 percent on selected fragrance"
      }
    ],
    "actions": {},
    "iconUri": "https://boots.scene7.com/is/image/Boots/10111921?op_sharpen=1",
    "title": "Rabanne Lady Million Eau De Parfum 30ml",
    "referenceUri": "/paco-rabanne-lady-million-eau-de-parfum-30ml-10111921",
    "canAddToBasket": "yes",
    "opticians": false,
    "inStock": true,
    "expressDelivery": false,
    "hasOtherPromotion": true,
    "channelPromotionalTextMap": {
      "-1": [
        "Save 15 percent on selected fragrance"
      ],
      "-6": [
        "Save 15 percent on selected fragrance"
      ]
    },
    "adCardPoints": 141
  },
  {
    "_id": {
      "$oid": "65ec108d9884656b92f556f4"
    },
    "ppuQuantity": "50ML",
    "pricing": {
      "perUnit": "£171.70 per 100ML",
      "regular": {
        "value": 101,
        "currency": "GBP",
        "text": "£101.00"
      },
      "current": {
        "value": 85.85,
        "currency": "GBP",
        "text": "£85.85"
      },
      "saving": {
        "value": 15.15,
        "currency": "GBP",
        "text": "£15.15"
      }
    },
    "objectId": "2854697",
    "brand": "Paco Rabanne",
    "attributes": {
      "fragrance_scent": "floral",
      "product_type": "body spray",
      "StockOverrideMessage": "STOCK_COMING_SOON",
      "gender": "womens",
      "size": "41-50",
      "format": "spray",
      "fragrance_type": "eau de parfum",
      "hasPriceAdvantageDeal": false,
      "ProductReviewFlag": "1"
    },
    "variants": {
      "colours": [],
      "hasColours": false,
      "hasSizes": false
    },
    "categories": [
      [
        {
          "name": "fragrance",
          "label": "fragrance"
        },
        {
          "name": "gift",
          "label": "gift"
        },
        {
          "name": "new in",
          "label": "new in"
        }
      ],
      [
        {
          "name": "perfume",
          "label": "fragrance > perfume"
        },
        {
          "name": "gifts for her",
          "label": "gift > gifts for her"
        },
        {
          "name": "luxury fragrance",
          "label": "fragrance > luxury fragrance"
        },
        {
          "name": "new in fragrance",
          "label": "fragrance > new in fragrance"
        },
        {
          "name": "brands",
          "label": "fragrance > brands"
        },
        {
          "name": "new in fragrance",
          "label": "new in > new in fragrance"
        }
      ],
      [
        {
          "name": "all perfumes",
          "label": "fragrance > perfume > all perfumes"
        },
        {
          "name": "floral perfume",
          "label": "fragrance > perfume > floral perfume"
        },
        {
          "name": "all perfumes",
          "label": "gift > gifts for her > all perfumes"
        }
      ]
    ],
    "reviews": {
      "average": 4.57,
      "count": 1010,
      "rounded": 4
    },
    "parent": {
      "product": "2854696",
      "partNumber": "10330978.P",
      "model": "10330978",
      "manufacturerModel": "5724511"
    },
    "images": {
      "thumbnail": "https://boots.scene7.com/is/image/Boots/10330978?wid=45&hei=60&op_sharpen=1"
    },
    "offers": [
      {
        "text": "Try Me First, receive a free sample to try first when you buy Rabanne Fame Parfum - online only, whilst stocks last"
      },
      {
        "text": "Save 15 percent on selected fragrance"
      }
    ],
    "actions": {},
    "iconUri": "https://boots.scene7.com/is/image/Boots/10330978?op_sharpen=1",
    "title": "Rabanne Fame Parfum 50ml",
    "referenceUri": "/paco-rabanne-fame-parfum-50ml-10330978",
    "canAddToBasket": "yes",
    "opticians": false,
    "inStock": true,
    "expressDelivery": false,
    "hasOtherPromotion": true,
    "channelPromotionalTextMap": {
      "-1": [
        "Try Me First, receive a free sample to try first when you buy Rabanne Fame Parfum - online only, whilst stocks last",
        "Save 15 percent on selected fragrance"
      ],
      "-6": [
        "Try Me First, receive a free sample to try first when you buy Rabanne Fame Parfum - online only, whilst stocks last",
        "Save 15 percent on selected fragrance"
      ]
    },
    "adCardPoints": 255
  },
  {
    "_id": {
      "$oid": "65ec108d9884656b92f556f5"
    },
    "ppuQuantity": "30ML",
    "pricing": {
      "perUnit": "£182.73 per 100ML",
      "regular": {
        "value": 64.5,
        "currency": "GBP",
        "text": "£64.50"
      },
      "current": {
        "value": 54.82,
        "currency": "GBP",
        "text": "£54.82"
      },
      "saving": {
        "value": 9.68,
        "currency": "GBP",
        "text": "£9.68"
      }
    },
    "objectId": "2717129",
    "brand": "Paco Rabanne",
    "attributes": {
      "fragrance_scent": [
        "woody",
        "fruity",
        "jasmine",
        "vanilla",
        "floral"
      ],
      "StockOverrideMessage": "STOCK_COMING_SOON",
      "gender": "womens",
      "size": "21-30",
      "fragrance_type": "eau de parfum",
      "hasPriceAdvantageDeal": false,
      "hiddenExcludeFromRecs": "Yes",
      "ProductReviewFlag": "1"
    },
    "variants": {
      "colours": [],
      "hasColours": false,
      "hasSizes": false
    },
    "categories": [
      [
        {
          "name": "fragrance",
          "label": "fragrance"
        },
        {
          "name": "gift",
          "label": "gift"
        },
        {
          "name": "wellness",
          "label": "wellness"
        },
        {
          "name": "vegan",
          "label": "vegan"
        }
      ],
      [
        {
          "name": "perfume",
          "label": "fragrance > perfume"
        },
        {
          "name": "recommended",
          "label": "fragrance > recommended"
        },
        {
          "name": "gifts for her",
          "label": "gift > gifts for her"
        },
        {
          "name": "vegan",
          "label": "wellness > vegan"
        },
        {
          "name": "5* rated perfumes & aftershaves",
          "label": "fragrance > 5* rated perfumes & aftershaves"
        },
        {
          "name": "vegan fragrance",
          "label": "fragrance > vegan fragrance"
        },
        {
          "name": "all vegan products",
          "label": "wellness > all vegan products"
        },
        {
          "name": "all vegan products",
          "label": "vegan > all vegan products"
        },
        {
          "name": "vegan fragrance",
          "label": "vegan > vegan fragrance"
        }
      ],
      [
        {
          "name": "all perfumes",
          "label": "fragrance > perfume > all perfumes"
        },
        {
          "name": "trending fragrance",
          "label": "fragrance > recommended > trending fragrance"
        },
        {
          "name": "best floral perfumes",
          "label": "fragrance > recommended > best floral perfumes"
        },
        {
          "name": "all perfumes",
          "label": "gift > gifts for her > all perfumes"
        },
        {
          "name": "all vegan products",
          "label": "wellness > vegan > all vegan products"
        },
        {
          "name": "vegan fragrance",
          "label": "wellness > vegan > vegan fragrance"
        }
      ]
    ],
    "reviews": {
      "average": 4.75,
      "count": 3731,
      "rounded": 4
    },
    "parent": {
      "product": "2717128",
      "partNumber": "10317224.P",
      "model": "10317224",
      "manufacturerModel": "4139755"
    },
    "images": {
      "thumbnail": "https://boots.scene7.com/is/image/Boots/10317224?wid=45&hei=60&op_sharpen=1"
    },
    "offers": [
      {
        "text": "Save 15 percent on selected fragrance"
      }
    ],
    "actions": {},
    "iconUri": "https://boots.scene7.com/is/image/Boots/10317224?op_sharpen=1",
    "title": "Rabanne Fame Eau De Parfum 30ml",
    "referenceUri": "/paco-rabanne-fame-eau-de-parfum-30ml-10317224",
    "canAddToBasket": "yes",
    "opticians": false,
    "inStock": true,
    "expressDelivery": false,
    "hasOtherPromotion": true,
    "channelPromotionalTextMap": {
      "-1": [
        "Save 15 percent on selected fragrance"
      ],
      "-6": [
        "Save 15 percent on selected fragrance"
      ]
    },
    "adCardPoints": 162
  },
  {
    "_id": {
      "$oid": "65ec108d9884656b92f556f6"
    },
    "ppuQuantity": "30ML",
    "pricing": {
      "perUnit": "£158.67 per 100ML",
      "regular": {
        "value": 56,
        "currency": "GBP",
        "text": "£56.00"
      },
      "current": {
        "value": 47.6,
        "currency": "GBP",
        "text": "£47.60"
      },
      "saving": {
        "value": 8.4,
        "currency": "GBP",
        "text": "£8.40"
      }
    },
    "objectId": "1716912",
    "brand": "Paco Rabanne",
    "attributes": {
      "fragrance_scent": [
        "vanilla",
        "amber",
        "floral"
      ],
      "StockOverrideMessage": "STOCK_COMING_SOON",
      "gender": "womens",
      "size": "21-30",
      "parentCategory_UK": "33071",
      "fragrance_type": "eau de parfum",
      "hasPriceAdvantageDeal": false,
      "Reporting_Category": "fragrance",
      "ProductReviewFlag": "1"
    },
    "variants": {
      "colours": [],
      "hasColours": false,
      "hasSizes": false
    },
    "categories": [
      [
        {
          "name": "fragrance",
          "label": "fragrance"
        },
        {
          "name": "gift",
          "label": "gift"
        }
      ],
      [
        {
          "name": "5* rated perfumes & aftershaves",
          "label": "fragrance > 5* rated perfumes & aftershaves"
        },
        {
          "name": "perfume",
          "label": "fragrance > perfume"
        },
        {
          "name": "gifts for her",
          "label": "gift > gifts for her"
        }
      ],
      [
        {
          "name": "all perfumes",
          "label": "fragrance > perfume > all perfumes"
        },
        {
          "name": "vanilla perfume",
          "label": "fragrance > perfume > vanilla perfume"
        },
        {
          "name": "floral perfume",
          "label": "fragrance > perfume > floral perfume"
        },
        {
          "name": "amber perfume",
          "label": "fragrance > perfume > amber perfume"
        },
        {
          "name": "all perfumes",
          "label": "gift > gifts for her > all perfumes"
        }
      ]
    ],
    "reviews": {
      "average": 4.75,
      "count": 1191,
      "rounded": 4
    },
    "parent": {
      "product": "1716911",
      "partNumber": "10200019.P",
      "model": "10200019",
      "manufacturerModel": "6293670"
    },
    "images": {
      "thumbnail": "https://boots.scene7.com/is/image/Boots/10200019?wid=45&hei=60&op_sharpen=1"
    },
    "offers": [
      {
        "text": "Save 15 percent on selected fragrance"
      }
    ],
    "actions": {},
    "iconUri": "https://boots.scene7.com/is/image/Boots/10200019?op_sharpen=1",
    "title": "Rabanne Olympea Eau De Parfum 30ml",
    "referenceUri": "/paco-rabanne-olympea-eau-de-parfum-30ml-10200019",
    "canAddToBasket": "yes",
    "opticians": false,
    "inStock": true,
    "expressDelivery": false,
    "hasOtherPromotion": true,
    "channelPromotionalTextMap": {
      "-1": [
        "Save 15 percent on selected fragrance"
      ],
      "-6": [
        "Save 15 percent on selected fragrance"
      ]
    },
    "adCardPoints": 141
  },
  {
    "_id": {
      "$oid": "65ec108d9884656b92f556f7"
    },
    "ppuQuantity": "50ML",
    "pricing": {
      "perUnit": "£127.50 per 100ML",
      "regular": {
        "value": 75,
        "currency": "GBP",
        "text": "£75.00"
      },
      "current": {
        "value": 63.75,
        "currency": "GBP",
        "text": "£63.75"
      },
      "saving": {
        "value": 11.25,
        "currency": "GBP",
        "text": "£11.25"
      }
    },
    "objectId": "2177053",
    "brand": "Paco Rabanne",
    "attributes": {
      "fragrance_scent": [
        "amber",
        "woody",
        "vanilla",
        "musk",
        "aromatic",
        "floral"
      ],
      "gender": "womens",
      "size": "41-50",
      "StockOverrideMessage": "STOCK_COMING_SOON",
      "fragrance_type": "eau de parfum",
      "recipient": "gifts for women",
      "hasPriceAdvantageDeal": false,
      "Reporting_Category": "fragrance",
      "gift_type": "fragrance gifts",
      "ProductReviewFlag": "1"
    },
    "variants": {
      "colours": [],
      "hasColours": false,
      "hasSizes": false
    },
    "categories": [
      [
        {
          "name": "gift",
          "label": "gift"
        },
        {
          "name": "fragrance",
          "label": "fragrance"
        }
      ],
      [
        {
          "name": "all gifts",
          "label": "gift > all gifts"
        },
        {
          "name": "perfume",
          "label": "fragrance > perfume"
        },
        {
          "name": "fragrance offers",
          "label": "fragrance > fragrance offers"
        },
        {
          "name": "gifts for her",
          "label": "gift > gifts for her"
        }
      ],
      [
        {
          "name": "all perfumes",
          "label": "fragrance > perfume > all perfumes"
        },
        {
          "name": "vanilla perfume",
          "label": "fragrance > perfume > vanilla perfume"
        },
        {
          "name": "musky perfume",
          "label": "fragrance > perfume > musky perfume"
        },
        {
          "name": "floral perfume",
          "label": "fragrance > perfume > floral perfume"
        },
        {
          "name": "amber perfume",
          "label": "fragrance > perfume > amber perfume"
        },
        {
          "name": "Collect £10 worth of points when you spend £60",
          "label": "fragrance > fragrance offers > Collect £10 worth of points when you spend £60"
        },
        {
          "name": "all perfumes",
          "label": "gift > gifts for her > all perfumes"
        }
      ]
    ],
    "reviews": {
      "average": 4.85,
      "count": 79,
      "rounded": 4
    },
    "parent": {
      "product": "2177052",
      "partNumber": "10255440.P",
      "model": "10255440",
      "manufacturerModel": "8313466"
    },
    "images": {
      "thumbnail": "https://boots.scene7.com/is/image/Boots/10255440?wid=45&hei=60&op_sharpen=1"
    },
    "offers": [
      {
        "text": "Save up to 20 percent on selected fragrances"
      }
    ],
    "actions": {},
    "iconUri": "https://boots.scene7.com/is/image/Boots/10255440?op_sharpen=1",
    "title": "Rabanne Pure XS For Her Eau De Parfum 50ml",
    "referenceUri": "/paco-rabanne-pure-xs-her-eau-de-parfum-50ml-10255440",
    "canAddToBasket": "yes",
    "opticians": false,
    "inStock": true,
    "expressDelivery": false,
    "hasOtherPromotion": true,
    "channelPromotionalTextMap": {
      "-1": [
        "Save up to 20 percent on selected fragrances"
      ],
      "-6": [
        "Save up to 20 percent on selected fragrances"
      ]
    },
    "adCardPoints": 189
  },
  {
    "_id": {
      "$oid": "65ec108d9884656b92f556f8"
    },
    "ppuQuantity": "30ML",
    "pricing": {
      "perUnit": "£201.17 per 100ML",
      "regular": {
        "value": 71,
        "currency": "GBP",
        "text": "£71.00"
      },
      "current": {
        "value": 60.35,
        "currency": "GBP",
        "text": "£60.35"
      },
      "saving": {
        "value": 10.65,
        "currency": "GBP",
        "text": "£10.65"
      }
    },
    "objectId": "2930101",
    "brand": "Paco Rabanne",
    "attributes": {
      "fragrance_scent": "floral",
      "product_type": "body spray",
      "StockOverrideMessage": "STOCK_COMING_SOON",
      "size": "21-30",
      "gender": "womens",
      "fragrance_type": "eau de parfum",
      "format": "spray",
      "hasPriceAdvantageDeal": false,
      "ProductReviewFlag": "1"
    },
    "variants": {
      "colours": [],
      "hasColours": false,
      "hasSizes": false
    },
    "categories": [
      [
        {
          "name": "new in",
          "label": "new in"
        },
        {
          "name": "fragrance",
          "label": "fragrance"
        },
        {
          "name": "gift",
          "label": "gift"
        },
        {
          "name": "mother's day",
          "label": "mother's day"
        }
      ],
      [
        {
          "name": "new in fragrance",
          "label": "new in > new in fragrance"
        },
        {
          "name": "perfume",
          "label": "fragrance > perfume"
        },
        {
          "name": "gifts for her",
          "label": "gift > gifts for her"
        },
        {
          "name": "luxury fragrance",
          "label": "fragrance > luxury fragrance"
        },
        {
          "name": "new in fragrance",
          "label": "fragrance > new in fragrance"
        },
        {
          "name": "brands",
          "label": "fragrance > brands"
        },
        {
          "name": "shop all",
          "label": "mother's day > shop all"
        }
      ],
      [
        {
          "name": "all perfumes",
          "label": "fragrance > perfume > all perfumes"
        },
        {
          "name": "floral perfume",
          "label": "fragrance > perfume > floral perfume"
        },
        {
          "name": "perfume refill bottles",
          "label": "fragrance > perfume > perfume refill bottles"
        },
        {
          "name": "all perfumes",
          "label": "gift > gifts for her > all perfumes"
        }
      ]
    ],
    "reviews": {
      "average": null,
      "count": null,
      "rounded": null
    },
    "parent": {
      "product": "2930100",
      "partNumber": "10339805.P",
      "model": "10339805",
      "manufacturerModel": "2239418"
    },
    "images": {
      "thumbnail": "https://boots.scene7.com/is/image/Boots/10339805?wid=45&hei=60&op_sharpen=1"
    },
    "offers": [
      {
        "text": "Save up to 20 percent on selected fragrances"
      }
    ],
    "actions": {},
    "iconUri": "https://boots.scene7.com/is/image/Boots/10339805?op_sharpen=1",
    "title": "Rabanne Fame Intense Eau de Parfum Intense 30ml",
    "referenceUri": "/rabanne-fame-intense-eau-de-parfum-intense-30ml-10339805",
    "canAddToBasket": "yes",
    "opticians": false,
    "inStock": true,
    "expressDelivery": false,
    "hasOtherPromotion": true,
    "channelPromotionalTextMap": {
      "-1": [
        "Save up to 20 percent on selected fragrances"
      ],
      "-6": [
        "Save up to 20 percent on selected fragrances"
      ]
    },
    "adCardPoints": 180
  },
  {
    "_id": {
      "$oid": "65ec108d9884656b92f556f9"
    },
    "ppuQuantity": "80ML",
    "pricing": {
      "perUnit": "£125.38 per 100ML",
      "regular": {
        "value": 118,
        "currency": "GBP",
        "text": "£118.00"
      },
      "current": {
        "value": 100.3,
        "currency": "GBP",
        "text": "£100.30"
      },
      "saving": {
        "value": 17.7,
        "currency": "GBP",
        "text": "£17.70"
      }
    },
    "objectId": "2717125",
    "brand": "Paco Rabanne",
    "attributes": {
      "fragrance_scent": [
        "fruity",
        "jasmine",
        "vanilla",
        "woody",
        "floral"
      ],
      "gender": "womens",
      "StockOverrideMessage": "STOCK_COMING_SOON",
      "size": "71-100",
      "fragrance_type": "eau de parfum",
      "hasPriceAdvantageDeal": false,
      "hiddenExcludeFromRecs": "Yes",
      "ProductReviewFlag": "1"
    },
    "variants": {
      "colours": [],
      "hasColours": false,
      "hasSizes": false
    },
    "categories": [
      [
        {
          "name": "fragrance",
          "label": "fragrance"
        },
        {
          "name": "beauty & skincare",
          "label": "beauty & skincare"
        },
        {
          "name": "sun & holiday",
          "label": "sun & holiday"
        },
        {
          "name": "gift",
          "label": "gift"
        }
      ],
      [
        {
          "name": "beauty awards",
          "label": "beauty & skincare > beauty awards"
        },
        {
          "name": "perfume",
          "label": "fragrance > perfume"
        },
        {
          "name": "recommended",
          "label": "fragrance > recommended"
        },
        {
          "name": "love island",
          "label": "sun & holiday > love island"
        },
        {
          "name": "gifts for her",
          "label": "gift > gifts for her"
        },
        {
          "name": "5* rated perfumes & aftershaves",
          "label": "fragrance > 5* rated perfumes & aftershaves"
        }
      ],
      [
        {
          "name": "beauty awards nominees",
          "label": "beauty & skincare > beauty awards > beauty awards nominees"
        },
        {
          "name": "all perfumes",
          "label": "fragrance > perfume > all perfumes"
        },
        {
          "name": "perfume refill bottles",
          "label": "fragrance > perfume > perfume refill bottles"
        },
        {
          "name": "trending fragrance",
          "label": "fragrance > recommended > trending fragrance"
        },
        {
          "name": "best floral perfumes",
          "label": "fragrance > recommended > best floral perfumes"
        },
        {
          "name": "shop the love island villa",
          "label": "sun & holiday > love island > shop the love island villa"
        },
        {
          "name": "all perfumes",
          "label": "gift > gifts for her > all perfumes"
        }
      ]
    ],
    "reviews": {
      "average": 4.75,
      "count": 3742,
      "rounded": 4
    },
    "parent": {
      "product": "2717124",
      "partNumber": "10317222.P",
      "model": "10317222",
      "manufacturerModel": "4139739"
    },
    "images": {
      "thumbnail": "https://boots.scene7.com/is/image/Boots/10317222?wid=45&hei=60&op_sharpen=1"
    },
    "offers": [
      {
        "text": "Save 15 percent on selected fragrance"
      }
    ],
    "actions": {},
    "iconUri": "https://boots.scene7.com/is/image/Boots/10317222?op_sharpen=1",
    "title": "Rabanne Fame Refillable Eau De Parfum 80ml",
    "referenceUri": "/paco-rabanne-fame-eau-de-parfum-refillable-80ml-10317222",
    "canAddToBasket": "yes",
    "opticians": false,
    "inStock": true,
    "expressDelivery": false,
    "hasOtherPromotion": true,
    "channelPromotionalTextMap": {
      "-1": [
        "Save 15 percent on selected fragrance"
      ],
      "-6": [
        "Save 15 percent on selected fragrance"
      ]
    },
    "adCardPoints": 300
  },
  {
    "_id": {
      "$oid": "65ec108d9884656b92f556fa"
    },
    "ppuQuantity": "50ML",
    "pricing": {
      "perUnit": "£138.54 per 100ML",
      "regular": {
        "value": 81.5,
        "currency": "GBP",
        "text": "£81.50"
      },
      "current": {
        "value": 69.27,
        "currency": "GBP",
        "text": "£69.27"
      },
      "saving": {
        "value": 12.23,
        "currency": "GBP",
        "text": "£12.23"
      }
    },
    "objectId": "2515419",
    "brand": "Paco Rabanne",
    "attributes": {
      "fragrance_scent": [
        "floral",
        "amber"
      ],
      "size": "41-50",
      "StockOverrideMessage": "STOCK_COMING_SOON",
      "gender": "womens",
      "fragrance_type": "eau de parfum",
      "hasPriceAdvantageDeal": false,
      "Reporting_Category": "fragrance",
      "ProductReviewFlag": "1"
    },
    "variants": {
      "colours": [],
      "hasColours": false,
      "hasSizes": false
    },
    "categories": [
      [
        {
          "name": "fragrance",
          "label": "fragrance"
        },
        {
          "name": "gift",
          "label": "gift"
        }
      ],
      [
        {
          "name": "5* rated perfumes & aftershaves",
          "label": "fragrance > 5* rated perfumes & aftershaves"
        },
        {
          "name": "perfume",
          "label": "fragrance > perfume"
        },
        {
          "name": "gifts for her",
          "label": "gift > gifts for her"
        }
      ],
      [
        {
          "name": "all perfumes",
          "label": "fragrance > perfume > all perfumes"
        },
        {
          "name": "floral perfume",
          "label": "fragrance > perfume > floral perfume"
        },
        {
          "name": "amber perfume",
          "label": "fragrance > perfume > amber perfume"
        },
        {
          "name": "all perfumes",
          "label": "gift > gifts for her > all perfumes"
        }
      ]
    ],
    "reviews": {
      "average": 4.71,
      "count": 2575,
      "rounded": 4
    },
    "parent": {
      "product": "2515418",
      "partNumber": "10293205.P",
      "model": "10293205",
      "manufacturerModel": "3107302"
    },
    "images": {
      "thumbnail": "https://boots.scene7.com/is/image/Boots/10293205?wid=45&hei=60&op_sharpen=1"
    },
    "offers": [
      {
        "text": "Save 15 percent on selected fragrance"
      }
    ],
    "actions": {},
    "iconUri": "https://boots.scene7.com/is/image/Boots/10293205?op_sharpen=1",
    "title": "Rabanne Lady Million Fabulous Eau De Parfum 50ml",
    "referenceUri": "/lady-million-fabulous-50ml-10293205",
    "canAddToBasket": "yes",
    "opticians": false,
    "inStock": true,
    "expressDelivery": false,
    "hasOtherPromotion": true,
    "channelPromotionalTextMap": {
      "-1": [
        "Save 15 percent on selected fragrance"
      ],
      "-6": [
        "Save 15 percent on selected fragrance"
      ]
    },
    "adCardPoints": 207
  },
  {
    "_id": {
      "$oid": "65ec108d9884656b92f556fb"
    },
    "ppuQuantity": "50ML",
    "pricing": {
      "perUnit": "£127.50 per 100ML",
      "regular": {
        "value": 75,
        "currency": "GBP",
        "text": "£75.00"
      },
      "current": {
        "value": 63.75,
        "currency": "GBP",
        "text": "£63.75"
      },
      "saving": {
        "value": 11.25,
        "currency": "GBP",
        "text": "£11.25"
      }
    },
    "objectId": "2930109",
    "brand": "Paco Rabanne",
    "attributes": {
      "fragrance_scent": "amber",
      "suitable_for": "vegan",
      "product_type": "body spray",
      "StockOverrideMessage": "STOCK_COMING_SOON",
      "gender": "mens",
      "size": "41-50",
      "format": "spray",
      "fragrance_type": "eau de parfum",
      "hasPriceAdvantageDeal": false,
      "key_features": "refreshing",
      "ProductReviewFlag": "1"
    },
    "variants": {
      "colours": [],
      "hasColours": false,
      "hasSizes": false
    },
    "categories": [
      [
        {
          "name": "new in",
          "label": "new in"
        },
        {
          "name": "toiletries",
          "label": "toiletries"
        },
        {
          "name": "men's",
          "label": "men's"
        },
        {
          "name": "fragrance",
          "label": "fragrance"
        },
        {
          "name": "gift",
          "label": "gift"
        }
      ],
      [
        {
          "name": "new in fragrance",
          "label": "new in > new in fragrance"
        },
        {
          "name": "men's toiletries",
          "label": "toiletries > men's toiletries"
        },
        {
          "name": "men's toiletries",
          "label": "men's > men's toiletries"
        },
        {
          "name": "perfume",
          "label": "fragrance > perfume"
        },
        {
          "name": "aftershave",
          "label": "fragrance > aftershave"
        },
        {
          "name": "gifts for him",
          "label": "gift > gifts for him"
        },
        {
          "name": "gifts for her",
          "label": "gift > gifts for her"
        },
        {
          "name": "aftershave",
          "label": "men's > aftershave"
        },
        {
          "name": "luxury fragrance",
          "label": "fragrance > luxury fragrance"
        },
        {
          "name": "new in fragrance",
          "label": "fragrance > new in fragrance"
        }
      ],
      [
        {
          "name": "aftershave",
          "label": "toiletries > men's toiletries > aftershave"
        },
        {
          "name": "aftershave",
          "label": "men's > men's toiletries > aftershave"
        },
        {
          "name": "all perfumes",
          "label": "fragrance > perfume > all perfumes"
        },
        {
          "name": "perfume refill bottles",
          "label": "fragrance > perfume > perfume refill bottles"
        },
        {
          "name": "all aftershave",
          "label": "fragrance > aftershave > all aftershave"
        },
        {
          "name": "all aftershave",
          "label": "gift > gifts for him > all aftershave"
        },
        {
          "name": "all perfumes",
          "label": "gift > gifts for her > all perfumes"
        },
        {
          "name": "all aftershave",
          "label": "men's > aftershave > all aftershave"
        }
      ],
      [
        {
          "name": "all aftershave",
          "label": "toiletries > men's toiletries > aftershave > all aftershave"
        },
        {
          "name": "all aftershave",
          "label": "men's > men's toiletries > aftershave > all aftershave"
        }
      ]
    ],
    "reviews": {
      "average": 5,
      "count": 2,
      "rounded": 5
    },
    "parent": {
      "product": "2930108",
      "partNumber": "10339809.P",
      "model": "10339809",
      "manufacturerModel": "2239566"
    },
    "images": {
      "thumbnail": "https://boots.scene7.com/is/image/Boots/10339809?wid=45&hei=60&op_sharpen=1"
    },
    "offers": [
      {
        "text": "Save up to 20 percent on selected fragrances"
      }
    ],
    "actions": {},
    "iconUri": "https://boots.scene7.com/is/image/Boots/10339809?op_sharpen=1",
    "title": "Rabanne Phantom Intense Eau de Parfum Intense 50ml",
    "referenceUri": "/rabanne-phantom-intense-eau-de-parfum-intense-50ml-10339809",
    "canAddToBasket": "yes",
    "opticians": false,
    "inStock": true,
    "expressDelivery": false,
    "hasOtherPromotion": true,
    "channelPromotionalTextMap": {
      "-1": [
        "Save up to 20 percent on selected fragrances"
      ],
      "-6": [
        "Save up to 20 percent on selected fragrances"
      ]
    },
    "adCardPoints": 189
  },
  {
    "_id": {
      "$oid": "65ec108d9884656b92f556fc"
    },
    "ppuQuantity": "50ML",
    "pricing": {
      "perUnit": "£180.20 per 100ML",
      "regular": {
        "value": 106,
        "currency": "GBP",
        "text": "£106.00"
      },
      "current": {
        "value": 90.1,
        "currency": "GBP",
        "text": "£90.10"
      },
      "saving": {
        "value": 15.9,
        "currency": "GBP",
        "text": "£15.90"
      }
    },
    "objectId": "2930103",
    "brand": "Paco Rabanne",
    "attributes": {
      "fragrance_scent": "floral",
      "product_type": "body spray",
      "size": "41-50",
      "gender": "womens",
      "StockOverrideMessage": "STOCK_COMING_SOON",
      "format": "spray",
      "fragrance_type": "eau de parfum",
      "hasPriceAdvantageDeal": false,
      "ProductReviewFlag": "1"
    },
    "variants": {
      "colours": [],
      "hasColours": false,
      "hasSizes": false
    },
    "categories": [
      [
        {
          "name": "new in",
          "label": "new in"
        },
        {
          "name": "fragrance",
          "label": "fragrance"
        },
        {
          "name": "gift",
          "label": "gift"
        },
        {
          "name": "mother's day",
          "label": "mother's day"
        }
      ],
      [
        {
          "name": "new in fragrance",
          "label": "new in > new in fragrance"
        },
        {
          "name": "perfume",
          "label": "fragrance > perfume"
        },
        {
          "name": "gifts for her",
          "label": "gift > gifts for her"
        },
        {
          "name": "luxury fragrance",
          "label": "fragrance > luxury fragrance"
        },
        {
          "name": "new in fragrance",
          "label": "fragrance > new in fragrance"
        },
        {
          "name": "brands",
          "label": "fragrance > brands"
        },
        {
          "name": "shop all",
          "label": "mother's day > shop all"
        }
      ],
      [
        {
          "name": "all perfumes",
          "label": "fragrance > perfume > all perfumes"
        },
        {
          "name": "floral perfume",
          "label": "fragrance > perfume > floral perfume"
        },
        {
          "name": "perfume refill bottles",
          "label": "fragrance > perfume > perfume refill bottles"
        },
        {
          "name": "all perfumes",
          "label": "gift > gifts for her > all perfumes"
        }
      ]
    ],
    "reviews": {
      "average": null,
      "count": null,
      "rounded": null
    },
    "parent": {
      "product": "2930102",
      "partNumber": "10339806.P",
      "model": "10339806",
      "manufacturerModel": "2239426"
    },
    "images": {
      "thumbnail": "https://boots.scene7.com/is/image/Boots/10339806?wid=45&hei=60&op_sharpen=1"
    },
    "offers": [
      {
        "text": "Save up to 20 percent on selected fragrances"
      }
    ],
    "actions": {},
    "iconUri": "https://boots.scene7.com/is/image/Boots/10339806?op_sharpen=1",
    "title": "Rabanne Fame Intense Eau de Parfum Intense 50ml",
    "referenceUri": "/rabanne-fame-intense-eau-de-parfum-intense-50ml-10339806",
    "canAddToBasket": "yes",
    "opticians": false,
    "inStock": true,
    "expressDelivery": false,
    "hasOtherPromotion": true,
    "channelPromotionalTextMap": {
      "-1": [
        "Save up to 20 percent on selected fragrances"
      ],
      "-6": [
        "Save up to 20 percent on selected fragrances"
      ]
    },
    "adCardPoints": 270
  },
  {
    "_id": {
      "$oid": "65ec108d9884656b92f556fd"
    },
    "ppuQuantity": "80ML",
    "pricing": {
      "perUnit": "£109.38 per 100ML",
      "regular": {
        "value": 102.5,
        "currency": "GBP",
        "text": "£102.50"
      },
      "current": {
        "value": 87.5,
        "currency": "GBP",
        "text": "£87.50"
      },
      "saving": {
        "value": 15,
        "currency": "GBP",
        "text": "£15.00"
      }
    },
    "objectId": "2515421",
    "brand": "Paco Rabanne",
    "attributes": {
      "fragrance_scent": [
        "floral",
        "amber"
      ],
      "gender": "womens",
      "StockOverrideMessage": "STOCK_COMING_SOON",
      "size": "71-100",
      "fragrance_type": "eau de parfum",
      "hasPriceAdvantageDeal": false,
      "Reporting_Category": "fragrance",
      "ProductReviewFlag": "1"
    },
    "variants": {
      "colours": [],
      "hasColours": false,
      "hasSizes": false
    },
    "categories": [
      [
        {
          "name": "mother's day",
          "label": "mother's day"
        },
        {
          "name": "fragrance",
          "label": "fragrance"
        },
        {
          "name": "gift",
          "label": "gift"
        }
      ],
      [
        {
          "name": "shop all",
          "label": "mother's day > shop all"
        },
        {
          "name": "perfume",
          "label": "fragrance > perfume"
        },
        {
          "name": "fragrance offers",
          "label": "fragrance > fragrance offers"
        },
        {
          "name": "gifts for her",
          "label": "gift > gifts for her"
        },
        {
          "name": "5* rated perfumes & aftershaves",
          "label": "fragrance > 5* rated perfumes & aftershaves"
        }
      ],
      [
        {
          "name": "all perfumes",
          "label": "fragrance > perfume > all perfumes"
        },
        {
          "name": "floral perfume",
          "label": "fragrance > perfume > floral perfume"
        },
        {
          "name": "amber perfume",
          "label": "fragrance > perfume > amber perfume"
        },
        {
          "name": "save up to half price",
          "label": "fragrance > fragrance offers > save up to half price"
        },
        {
          "name": "all perfumes",
          "label": "gift > gifts for her > all perfumes"
        }
      ]
    ],
    "reviews": {
      "average": 4.71,
      "count": 2559,
      "rounded": 4
    },
    "parent": {
      "product": "2515420",
      "partNumber": "10293206.P",
      "model": "10293206",
      "manufacturerModel": "3107310"
    },
    "images": {
      "thumbnail": "https://boots.scene7.com/is/image/Boots/10293206?wid=45&hei=60&op_sharpen=1"
    },
    "offers": [
      {
        "text": "Save up to 1/2 price on selected fragrances"
      }
    ],
    "actions": {},
    "iconUri": "https://boots.scene7.com/is/image/Boots/10293206?op_sharpen=1",
    "title": "Rabanne Lady Million Fabulous Eau De Parfum 80ml",
    "referenceUri": "/lady-million-fabulous-80ml-10293206",
    "canAddToBasket": "yes",
    "opticians": false,
    "inStock": true,
    "expressDelivery": false,
    "hasOtherPromotion": true,
    "channelPromotionalTextMap": {
      "-1": [
        "Save up to 1/2 price on selected fragrances"
      ],
      "-6": [
        "Save up to 1/2 price on selected fragrances"
      ]
    },
    "adCardPoints": 261
  },
  {
    "_id": {
      "$oid": "65ec108d9884656b92f556fe"
    },
    "ppuQuantity": "50ML",
    "pricing": {
      "perUnit": "£146.20 per 100ML",
      "regular": {
        "value": 86,
        "currency": "GBP",
        "text": "£86.00"
      },
      "current": {
        "value": 73.1,
        "currency": "GBP",
        "text": "£73.10"
      },
      "saving": {
        "value": 12.9,
        "currency": "GBP",
        "text": "£12.90"
      }
    },
    "objectId": "2779683",
    "brand": "Paco Rabanne",
    "attributes": {
      "fragrance_scent": "floral",
      "gender": "womens",
      "StockOverrideMessage": "STOCK_COMING_SOON",
      "fragrance_type": "eau de parfum",
      "hasPriceAdvantageDeal": false,
      "ProductReviewFlag": "1"
    },
    "variants": {
      "colours": [],
      "hasColours": false,
      "hasSizes": false
    },
    "categories": [
      [
        {
          "name": "fragrance",
          "label": "fragrance"
        },
        {
          "name": "gift",
          "label": "gift"
        }
      ],
      [
        {
          "name": "5* rated perfumes & aftershaves",
          "label": "fragrance > 5* rated perfumes & aftershaves"
        },
        {
          "name": "perfume",
          "label": "fragrance > perfume"
        },
        {
          "name": "gifts for her",
          "label": "gift > gifts for her"
        },
        {
          "name": "luxury fragrance",
          "label": "fragrance > luxury fragrance"
        }
      ],
      [
        {
          "name": "all perfumes",
          "label": "fragrance > perfume > all perfumes"
        },
        {
          "name": "floral perfume",
          "label": "fragrance > perfume > floral perfume"
        },
        {
          "name": "all perfumes",
          "label": "gift > gifts for her > all perfumes"
        }
      ]
    ],
    "reviews": {
      "average": 4.58,
      "count": 355,
      "rounded": 4
    },
    "parent": {
      "product": "2779682",
      "partNumber": "10322866.P",
      "model": "10322866",
      "manufacturerModel": "5268214"
    },
    "images": {
      "thumbnail": "https://boots.scene7.com/is/image/Boots/10322866?wid=45&hei=60&op_sharpen=1"
    },
    "offers": [
      {
        "text": "Save 15 percent on selected fragrance"
      }
    ],
    "actions": {},
    "iconUri": "https://boots.scene7.com/is/image/Boots/10322866?op_sharpen=1",
    "title": "Rabanne Olympea Flora Eau De Parfum 50ml",
    "referenceUri": "/paco-rabanne-olympea-flora-edp-intense-50ml-10322866",
    "canAddToBasket": "yes",
    "opticians": false,
    "inStock": true,
    "expressDelivery": false,
    "hasOtherPromotion": true,
    "channelPromotionalTextMap": {
      "-1": [
        "Save 15 percent on selected fragrance"
      ],
      "-6": [
        "Save 15 percent on selected fragrance"
      ]
    },
    "adCardPoints": 219
  },
  {
    "_id": {
      "$oid": "65ec108d9884656b92f556ff"
    },
    "ppuQuantity": "100ML",
    "pricing": {
      "perUnit": "£89.25 per 100ML",
      "regular": {
        "value": 105,
        "currency": "GBP",
        "text": "£105.00"
      },
      "current": {
        "value": 89.25,
        "currency": "GBP",
        "text": "£89.25"
      },
      "saving": {
        "value": 15.75,
        "currency": "GBP",
        "text": "£15.75"
      }
    },
    "objectId": "2930115",
    "brand": "Paco Rabanne",
    "attributes": {
      "fragrance_scent": "amber",
      "suitable_for": "vegan",
      "product_type": "body spray",
      "StockOverrideMessage": "STOCK_COMING_SOON",
      "gender": "mens",
      "size": "71-100",
      "format": "spray",
      "fragrance_type": "eau de parfum",
      "hasPriceAdvantageDeal": false,
      "key_features": "refreshing",
      "ProductReviewFlag": "1"
    },
    "variants": {
      "colours": [],
      "hasColours": false,
      "hasSizes": false
    },
    "categories": [
      [
        {
          "name": "new in",
          "label": "new in"
        },
        {
          "name": "toiletries",
          "label": "toiletries"
        },
        {
          "name": "men's",
          "label": "men's"
        },
        {
          "name": "fragrance",
          "label": "fragrance"
        },
        {
          "name": "gift",
          "label": "gift"
        }
      ],
      [
        {
          "name": "new in fragrance",
          "label": "new in > new in fragrance"
        },
        {
          "name": "men's toiletries",
          "label": "toiletries > men's toiletries"
        },
        {
          "name": "men's toiletries",
          "label": "men's > men's toiletries"
        },
        {
          "name": "perfume",
          "label": "fragrance > perfume"
        },
        {
          "name": "aftershave",
          "label": "fragrance > aftershave"
        },
        {
          "name": "gifts for him",
          "label": "gift > gifts for him"
        },
        {
          "name": "gifts for her",
          "label": "gift > gifts for her"
        },
        {
          "name": "aftershave",
          "label": "men's > aftershave"
        },
        {
          "name": "luxury fragrance",
          "label": "fragrance > luxury fragrance"
        },
        {
          "name": "new in fragrance",
          "label": "fragrance > new in fragrance"
        }
      ],
      [
        {
          "name": "aftershave",
          "label": "toiletries > men's toiletries > aftershave"
        },
        {
          "name": "aftershave",
          "label": "men's > men's toiletries > aftershave"
        },
        {
          "name": "all perfumes",
          "label": "fragrance > perfume > all perfumes"
        },
        {
          "name": "perfume refill bottles",
          "label": "fragrance > perfume > perfume refill bottles"
        },
        {
          "name": "all aftershave",
          "label": "fragrance > aftershave > all aftershave"
        },
        {
          "name": "all aftershave",
          "label": "gift > gifts for him > all aftershave"
        },
        {
          "name": "all perfumes",
          "label": "gift > gifts for her > all perfumes"
        },
        {
          "name": "all aftershave",
          "label": "men's > aftershave > all aftershave"
        }
      ],
      [
        {
          "name": "all aftershave",
          "label": "toiletries > men's toiletries > aftershave > all aftershave"
        },
        {
          "name": "all aftershave",
          "label": "men's > men's toiletries > aftershave > all aftershave"
        }
      ]
    ],
    "reviews": {
      "average": 1,
      "count": 2,
      "rounded": 1
    },
    "parent": {
      "product": "2930114",
      "partNumber": "10339812.P",
      "model": "10339812",
      "manufacturerModel": "2240017"
    },
    "images": {
      "thumbnail": "https://boots.scene7.com/is/image/Boots/10339812?wid=45&hei=60&op_sharpen=1"
    },
    "offers": [
      {
        "text": "Save up to 20 percent on selected fragrances"
      }
    ],
    "actions": {},
    "iconUri": "https://boots.scene7.com/is/image/Boots/10339812?op_sharpen=1",
    "title": "Rabanne Phantom Intense Eau de Parfum Intense 100ml",
    "referenceUri": "/rabanne-phantom-intense-eau-de-parfum-intense-100ml-10339812",
    "canAddToBasket": "yes",
    "opticians": false,
    "inStock": true,
    "expressDelivery": false,
    "hasOtherPromotion": true,
    "channelPromotionalTextMap": {
      "-1": [
        "Save up to 20 percent on selected fragrances"
      ],
      "-6": [
        "Save up to 20 percent on selected fragrances"
      ]
    },
    "adCardPoints": 267
  },
  {
    "_id": {
      "$oid": "65ec108d9884656b92f55700"
    },
    "ppuQuantity": "30ML",
    "pricing": {
      "perUnit": "£164.33 per 100ML",
      "regular": {
        "value": 58,
        "currency": "GBP",
        "text": "£58.00"
      },
      "current": {
        "value": 49.3,
        "currency": "GBP",
        "text": "£49.30"
      },
      "saving": {
        "value": 8.7,
        "currency": "GBP",
        "text": "£8.70"
      }
    },
    "objectId": "2515423",
    "brand": "Paco Rabanne",
    "attributes": {
      "fragrance_scent": [
        "amber",
        "floral"
      ],
      "size": "21-30",
      "gender": "womens",
      "StockOverrideMessage": "STOCK_COMING_SOON",
      "fragrance_type": "eau de parfum",
      "hasPriceAdvantageDeal": false,
      "Reporting_Category": "fragrance",
      "ProductReviewFlag": "1"
    },
    "variants": {
      "colours": [],
      "hasColours": false,
      "hasSizes": false
    },
    "categories": [
      [
        {
          "name": "fragrance",
          "label": "fragrance"
        },
        {
          "name": "gift",
          "label": "gift"
        }
      ],
      [
        {
          "name": "5* rated perfumes & aftershaves",
          "label": "fragrance > 5* rated perfumes & aftershaves"
        },
        {
          "name": "perfume",
          "label": "fragrance > perfume"
        },
        {
          "name": "gifts for her",
          "label": "gift > gifts for her"
        }
      ],
      [
        {
          "name": "all perfumes",
          "label": "fragrance > perfume > all perfumes"
        },
        {
          "name": "floral perfume",
          "label": "fragrance > perfume > floral perfume"
        },
        {
          "name": "amber perfume",
          "label": "fragrance > perfume > amber perfume"
        },
        {
          "name": "all perfumes",
          "label": "gift > gifts for her > all perfumes"
        }
      ]
    ],
    "reviews": {
      "average": 4.76,
      "count": 2205,
      "rounded": 4
    },
    "parent": {
      "product": "2515422",
      "partNumber": "10293207.P",
      "model": "10293207",
      "manufacturerModel": "3107329"
    },
    "images": {
      "thumbnail": "https://boots.scene7.com/is/image/Boots/10293207?wid=45&hei=60&op_sharpen=1"
    },
    "offers": [
      {
        "text": "Save 15 percent on selected fragrance"
      }
    ],
    "actions": {},
    "iconUri": "https://boots.scene7.com/is/image/Boots/10293207?op_sharpen=1",
    "title": "Rabanne Lady Million Fabulous Eau De Parfum 30ml",
    "referenceUri": "/lady-million-fabulous-30ml-10293207",
    "canAddToBasket": "yes",
    "opticians": false,
    "inStock": true,
    "expressDelivery": false,
    "hasOtherPromotion": true,
    "channelPromotionalTextMap": {
      "-1": [
        "Save 15 percent on selected fragrance"
      ],
      "-6": [
        "Save 15 percent on selected fragrance"
      ]
    },
    "adCardPoints": 147
  },
  {
    "_id": {
      "$oid": "65ec108d9884656b92f55701"
    },
    "ppuQuantity": "150ML",
    "pricing": {
      "perUnit": "£69.70 per 100ML",
      "regular": {
        "value": 123,
        "currency": "GBP",
        "text": "£123.00"
      },
      "current": {
        "value": 104.55,
        "currency": "GBP",
        "text": "£104.55"
      },
      "saving": {
        "value": 18.45,
        "currency": "GBP",
        "text": "£18.45"
      }
    },
    "objectId": "2930107",
    "brand": "Paco Rabanne",
    "attributes": {
      "fragrance_scent": "amber",
      "suitable_for": "vegan",
      "product_type": "body spray",
      "gender": "mens",
      "StockOverrideMessage": "STOCK_COMING_SOON",
      "size": "101-150",
      "fragrance_type": "eau de parfum",
      "format": "spray",
      "hasPriceAdvantageDeal": false,
      "key_features": "refreshing",
      "ProductReviewFlag": "1"
    },
    "variants": {
      "colours": [],
      "hasColours": false,
      "hasSizes": false
    },
    "categories": [
      [
        {
          "name": "new in",
          "label": "new in"
        },
        {
          "name": "toiletries",
          "label": "toiletries"
        },
        {
          "name": "men's",
          "label": "men's"
        },
        {
          "name": "fragrance",
          "label": "fragrance"
        },
        {
          "name": "gift",
          "label": "gift"
        }
      ],
      [
        {
          "name": "new in fragrance",
          "label": "new in > new in fragrance"
        },
        {
          "name": "men's toiletries",
          "label": "toiletries > men's toiletries"
        },
        {
          "name": "men's toiletries",
          "label": "men's > men's toiletries"
        },
        {
          "name": "perfume",
          "label": "fragrance > perfume"
        },
        {
          "name": "aftershave",
          "label": "fragrance > aftershave"
        },
        {
          "name": "gifts for him",
          "label": "gift > gifts for him"
        },
        {
          "name": "gifts for her",
          "label": "gift > gifts for her"
        },
        {
          "name": "aftershave",
          "label": "men's > aftershave"
        },
        {
          "name": "luxury fragrance",
          "label": "fragrance > luxury fragrance"
        },
        {
          "name": "new in fragrance",
          "label": "fragrance > new in fragrance"
        }
      ],
      [
        {
          "name": "aftershave",
          "label": "toiletries > men's toiletries > aftershave"
        },
        {
          "name": "aftershave",
          "label": "men's > men's toiletries > aftershave"
        },
        {
          "name": "all perfumes",
          "label": "fragrance > perfume > all perfumes"
        },
        {
          "name": "perfume refill bottles",
          "label": "fragrance > perfume > perfume refill bottles"
        },
        {
          "name": "all aftershave",
          "label": "fragrance > aftershave > all aftershave"
        },
        {
          "name": "all aftershave",
          "label": "gift > gifts for him > all aftershave"
        },
        {
          "name": "all perfumes",
          "label": "gift > gifts for her > all perfumes"
        },
        {
          "name": "all aftershave",
          "label": "men's > aftershave > all aftershave"
        }
      ],
      [
        {
          "name": "all aftershave",
          "label": "toiletries > men's toiletries > aftershave > all aftershave"
        },
        {
          "name": "all aftershave",
          "label": "men's > men's toiletries > aftershave > all aftershave"
        }
      ]
    ],
    "reviews": {
      "average": 5,
      "count": 2,
      "rounded": 5
    },
    "parent": {
      "product": "2930106",
      "partNumber": "10339808.P",
      "model": "10339808",
      "manufacturerModel": "2239558"
    },
    "images": {
      "thumbnail": "https://boots.scene7.com/is/image/Boots/10339808?wid=45&hei=60&op_sharpen=1"
    },
    "offers": [
      {
        "text": "Save up to 20 percent on selected fragrances"
      }
    ],
    "actions": {},
    "iconUri": "https://boots.scene7.com/is/image/Boots/10339808?op_sharpen=1",
    "title": "Rabanne Phantom Intense Refillable Eau de Parfum Intense 150ml",
    "referenceUri": "/rabanne-phantom-intense-refillable-eau-de-parfum-intense-150ml-10339808",
    "canAddToBasket": "yes",
    "opticians": false,
    "inStock": true,
    "expressDelivery": false,
    "hasOtherPromotion": true,
    "channelPromotionalTextMap": {
      "-1": [
        "Save up to 20 percent on selected fragrances"
      ],
      "-6": [
        "Save up to 20 percent on selected fragrances"
      ]
    },
    "adCardPoints": 312
  },
  {
    "_id": {
      "$oid": "65ec108d9884656b92f55702"
    },
    "ppuQuantity": "80ML",
    "pricing": {
      "perUnit": "£138.13 per 100ML",
      "regular": {
        "value": 130,
        "currency": "GBP",
        "text": "£130.00"
      },
      "current": {
        "value": 110.5,
        "currency": "GBP",
        "text": "£110.50"
      },
      "saving": {
        "value": 19.5,
        "currency": "GBP",
        "text": "£19.50"
      }
    },
    "objectId": "2854699",
    "brand": "Paco Rabanne",
    "attributes": {
      "fragrance_scent": "floral",
      "product_type": "body spray",
      "StockOverrideMessage": "STOCK_COMING_SOON",
      "size": "71-100",
      "gender": "womens",
      "format": "spray",
      "fragrance_type": "eau de parfum",
      "hasPriceAdvantageDeal": false,
      "ProductReviewFlag": "1"
    },
    "variants": {
      "colours": [],
      "hasColours": false,
      "hasSizes": false
    },
    "categories": [
      [
        {
          "name": "fragrance",
          "label": "fragrance"
        },
        {
          "name": "gift",
          "label": "gift"
        },
        {
          "name": "new in",
          "label": "new in"
        }
      ],
      [
        {
          "name": "perfume",
          "label": "fragrance > perfume"
        },
        {
          "name": "gifts for her",
          "label": "gift > gifts for her"
        },
        {
          "name": "luxury fragrance",
          "label": "fragrance > luxury fragrance"
        },
        {
          "name": "new in fragrance",
          "label": "fragrance > new in fragrance"
        },
        {
          "name": "brands",
          "label": "fragrance > brands"
        },
        {
          "name": "new in fragrance",
          "label": "new in > new in fragrance"
        }
      ],
      [
        {
          "name": "all perfumes",
          "label": "fragrance > perfume > all perfumes"
        },
        {
          "name": "floral perfume",
          "label": "fragrance > perfume > floral perfume"
        },
        {
          "name": "perfume refill bottles",
          "label": "fragrance > perfume > perfume refill bottles"
        },
        {
          "name": "all perfumes",
          "label": "gift > gifts for her > all perfumes"
        }
      ]
    ],
    "reviews": {
      "average": 4.57,
      "count": 1007,
      "rounded": 4
    },
    "parent": {
      "product": "2854698",
      "partNumber": "10330979.P",
      "model": "10330979",
      "manufacturerModel": "5724538"
    },
    "images": {
      "thumbnail": "https://boots.scene7.com/is/image/Boots/10330979?wid=45&hei=60&op_sharpen=1"
    },
    "offers": [
      {
        "text": "Try Me First, receive a free sample to try first when you buy Rabanne Fame Parfum - online only, whilst stocks last"
      },
      {
        "text": "Save 15 percent on selected fragrance"
      }
    ],
    "actions": {},
    "iconUri": "https://boots.scene7.com/is/image/Boots/10330979?op_sharpen=1",
    "title": "Rabanne Fame Refillable Parfum 80ml",
    "referenceUri": "/paco-rabanne-fame-parfum-refillable-80ml-10330979",
    "canAddToBasket": "yes",
    "opticians": false,
    "inStock": true,
    "expressDelivery": false,
    "hasOtherPromotion": true,
    "channelPromotionalTextMap": {
      "-1": [
        "Try Me First, receive a free sample to try first when you buy Rabanne Fame Parfum - online only, whilst stocks last",
        "Save 15 percent on selected fragrance"
      ],
      "-6": [
        "Try Me First, receive a free sample to try first when you buy Rabanne Fame Parfum - online only, whilst stocks last",
        "Save 15 percent on selected fragrance"
      ]
    },
    "adCardPoints": 330
  },
  {
    "_id": {
      "$oid": "65ec108d9884656b92f55703"
    },
    "ppuQuantity": "30ML",
    "pricing": {
      "perUnit": "£201.17 per 100ML",
      "regular": {
        "value": 71,
        "currency": "GBP",
        "text": "£71.00"
      },
      "current": {
        "value": 60.35,
        "currency": "GBP",
        "text": "£60.35"
      },
      "saving": {
        "value": 10.65,
        "currency": "GBP",
        "text": "£10.65"
      }
    },
    "objectId": "2854695",
    "brand": "Paco Rabanne",
    "attributes": {
      "fragrance_scent": "floral",
      "product_type": "body spray",
      "StockOverrideMessage": "STOCK_COMING_SOON",
      "size": "21-30",
      "gender": "womens",
      "format": "spray",
      "fragrance_type": "eau de parfum",
      "hasPriceAdvantageDeal": false,
      "ProductReviewFlag": "1"
    },
    "variants": {
      "colours": [],
      "hasColours": false,
      "hasSizes": false
    },
    "categories": [
      [
        {
          "name": "fragrance",
          "label": "fragrance"
        },
        {
          "name": "gift",
          "label": "gift"
        },
        {
          "name": "new in",
          "label": "new in"
        }
      ],
      [
        {
          "name": "perfume",
          "label": "fragrance > perfume"
        },
        {
          "name": "gifts for her",
          "label": "gift > gifts for her"
        },
        {
          "name": "luxury fragrance",
          "label": "fragrance > luxury fragrance"
        },
        {
          "name": "new in fragrance",
          "label": "fragrance > new in fragrance"
        },
        {
          "name": "brands",
          "label": "fragrance > brands"
        },
        {
          "name": "new in fragrance",
          "label": "new in > new in fragrance"
        }
      ],
      [
        {
          "name": "all perfumes",
          "label": "fragrance > perfume > all perfumes"
        },
        {
          "name": "floral perfume",
          "label": "fragrance > perfume > floral perfume"
        },
        {
          "name": "all perfumes",
          "label": "gift > gifts for her > all perfumes"
        }
      ]
    ],
    "reviews": {
      "average": 4.56,
      "count": 1005,
      "rounded": 4
    },
    "parent": {
      "product": "2854694",
      "partNumber": "10330977.P",
      "model": "10330977",
      "manufacturerModel": "5724503"
    },
    "images": {
      "thumbnail": "https://boots.scene7.com/is/image/Boots/10330977?wid=45&hei=60&op_sharpen=1"
    },
    "offers": [
      {
        "text": "Try Me First, receive a free sample to try first when you buy Rabanne Fame Parfum - online only, whilst stocks last"
      },
      {
        "text": "Save 15 percent on selected fragrance"
      }
    ],
    "actions": {},
    "iconUri": "https://boots.scene7.com/is/image/Boots/10330977?op_sharpen=1",
    "title": "Rabanne Fame Parfum 30ml",
    "referenceUri": "/paco-rabanne-fame-parfum-30ml-10330977",
    "canAddToBasket": "yes",
    "opticians": false,
    "inStock": true,
    "expressDelivery": false,
    "hasOtherPromotion": true,
    "channelPromotionalTextMap": {
      "-1": [
        "Try Me First, receive a free sample to try first when you buy Rabanne Fame Parfum - online only, whilst stocks last",
        "Save 15 percent on selected fragrance"
      ],
      "-6": [
        "Try Me First, receive a free sample to try first when you buy Rabanne Fame Parfum - online only, whilst stocks last",
        "Save 15 percent on selected fragrance"
      ]
    },
    "adCardPoints": 180
  },
  {
    "_id": {
      "$oid": "65ec108d9884656b92f55704"
    },
    "ppuQuantity": "200ML",
    "pricing": {
      "perUnit": "£69.06 per 100ML",
      "regular": {
        "value": 162.5,
        "currency": "GBP",
        "text": "£162.50"
      },
      "current": {
        "value": 138.12,
        "currency": "GBP",
        "text": "£138.12"
      },
      "saving": {
        "value": 24.38,
        "currency": "GBP",
        "text": "£24.38"
      }
    },
    "objectId": "2854701",
    "brand": "Paco Rabanne",
    "attributes": {
      "fragrance_scent": "floral",
      "product_type": "body spray",
      "size": "200",
      "gender": "womens",
      "StockOverrideMessage": "STOCK_COMING_SOON",
      "format": "spray",
      "fragrance_type": "eau de parfum",
      "hasPriceAdvantageDeal": false,
      "ProductReviewFlag": "1"
    },
    "variants": {
      "colours": [],
      "hasColours": false,
      "hasSizes": false
    },
    "categories": [
      [
        {
          "name": "fragrance",
          "label": "fragrance"
        },
        {
          "name": "gift",
          "label": "gift"
        },
        {
          "name": "new in",
          "label": "new in"
        }
      ],
      [
        {
          "name": "perfume",
          "label": "fragrance > perfume"
        },
        {
          "name": "gifts for her",
          "label": "gift > gifts for her"
        },
        {
          "name": "luxury fragrance",
          "label": "fragrance > luxury fragrance"
        },
        {
          "name": "new in fragrance",
          "label": "fragrance > new in fragrance"
        },
        {
          "name": "brands",
          "label": "fragrance > brands"
        },
        {
          "name": "new in fragrance",
          "label": "new in > new in fragrance"
        }
      ],
      [
        {
          "name": "all perfumes",
          "label": "fragrance > perfume > all perfumes"
        },
        {
          "name": "floral perfume",
          "label": "fragrance > perfume > floral perfume"
        },
        {
          "name": "perfume refill bottles",
          "label": "fragrance > perfume > perfume refill bottles"
        },
        {
          "name": "all perfumes",
          "label": "gift > gifts for her > all perfumes"
        }
      ]
    ],
    "reviews": {
      "average": 4.56,
      "count": 1004,
      "rounded": 4
    },
    "parent": {
      "product": "2854700",
      "partNumber": "10330980.P",
      "model": "10330980",
      "manufacturerModel": "5724546"
    },
    "images": {
      "thumbnail": "https://boots.scene7.com/is/image/Boots/10330980?wid=45&hei=60&op_sharpen=1"
    },
    "offers": [
      {
        "text": "Try Me First, receive a free sample to try first when you buy Rabanne Fame Parfum - online only, whilst stocks last"
      },
      {
        "text": "Save 15 percent on selected fragrance"
      }
    ],
    "actions": {},
    "iconUri": "https://boots.scene7.com/is/image/Boots/10330980?op_sharpen=1",
    "title": "Rabanne Fame Parfum Refill Bottle 200ml",
    "referenceUri": "/paco-rabanne-fame-parfum-refill-bottle-200ml-10330980",
    "canAddToBasket": "yes",
    "opticians": false,
    "inStock": true,
    "expressDelivery": false,
    "hasOtherPromotion": true,
    "channelPromotionalTextMap": {
      "-1": [
        "Try Me First, receive a free sample to try first when you buy Rabanne Fame Parfum - online only, whilst stocks last",
        "Save 15 percent on selected fragrance"
      ],
      "-6": [
        "Try Me First, receive a free sample to try first when you buy Rabanne Fame Parfum - online only, whilst stocks last",
        "Save 15 percent on selected fragrance"
      ]
    },
    "adCardPoints": 414
  },
  {
    "_id": {
      "$oid": "65ec108d9884656b92f55705"
    },
    "ppuQuantity": "200ML",
    "pricing": {
      "perUnit": "£54.83 per 100ML",
      "regular": {
        "value": 129,
        "currency": "GBP",
        "text": "£129.00"
      },
      "current": {
        "value": 109.65,
        "currency": "GBP",
        "text": "£109.65"
      },
      "saving": {
        "value": 19.35,
        "currency": "GBP",
        "text": "£19.35"
      }
    },
    "objectId": "2930105",
    "brand": "Paco Rabanne",
    "attributes": {
      "fragrance_scent": "amber",
      "suitable_for": "vegan",
      "product_type": "body spray",
      "gender": "mens",
      "StockOverrideMessage": "STOCK_COMING_SOON",
      "size": "151-200",
      "format": "spray",
      "fragrance_type": "eau de parfum",
      "hasPriceAdvantageDeal": false,
      "key_features": "refreshing",
      "ProductReviewFlag": "1"
    },
    "variants": {
      "colours": [],
      "hasColours": false,
      "hasSizes": false
    },
    "categories": [
      [
        {
          "name": "new in",
          "label": "new in"
        },
        {
          "name": "toiletries",
          "label": "toiletries"
        },
        {
          "name": "men's",
          "label": "men's"
        },
        {
          "name": "fragrance",
          "label": "fragrance"
        },
        {
          "name": "gift",
          "label": "gift"
        }
      ],
      [
        {
          "name": "new in fragrance",
          "label": "new in > new in fragrance"
        },
        {
          "name": "men's toiletries",
          "label": "toiletries > men's toiletries"
        },
        {
          "name": "men's toiletries",
          "label": "men's > men's toiletries"
        },
        {
          "name": "perfume",
          "label": "fragrance > perfume"
        },
        {
          "name": "aftershave",
          "label": "fragrance > aftershave"
        },
        {
          "name": "gifts for him",
          "label": "gift > gifts for him"
        },
        {
          "name": "gifts for her",
          "label": "gift > gifts for her"
        },
        {
          "name": "aftershave",
          "label": "men's > aftershave"
        },
        {
          "name": "luxury fragrance",
          "label": "fragrance > luxury fragrance"
        },
        {
          "name": "new in fragrance",
          "label": "fragrance > new in fragrance"
        }
      ],
      [
        {
          "name": "aftershave",
          "label": "toiletries > men's toiletries > aftershave"
        },
        {
          "name": "aftershave",
          "label": "men's > men's toiletries > aftershave"
        },
        {
          "name": "all perfumes",
          "label": "fragrance > perfume > all perfumes"
        },
        {
          "name": "perfume refill bottles",
          "label": "fragrance > perfume > perfume refill bottles"
        },
        {
          "name": "all aftershave",
          "label": "fragrance > aftershave > all aftershave"
        },
        {
          "name": "all aftershave",
          "label": "gift > gifts for him > all aftershave"
        },
        {
          "name": "all perfumes",
          "label": "gift > gifts for her > all perfumes"
        },
        {
          "name": "all aftershave",
          "label": "men's > aftershave > all aftershave"
        }
      ],
      [
        {
          "name": "all aftershave",
          "label": "toiletries > men's toiletries > aftershave > all aftershave"
        },
        {
          "name": "all aftershave",
          "label": "men's > men's toiletries > aftershave > all aftershave"
        }
      ]
    ],
    "reviews": {
      "average": null,
      "count": null,
      "rounded": null
    },
    "parent": {
      "product": "2930104",
      "partNumber": "10339807.P",
      "model": "10339807",
      "manufacturerModel": "2239485"
    },
    "images": {
      "thumbnail": "https://boots.scene7.com/is/image/Boots/10339807?wid=45&hei=60&op_sharpen=1"
    },
    "offers": [
      {
        "text": "Save up to 20 percent on selected fragrances"
      }
    ],
    "actions": {},
    "iconUri": "https://boots.scene7.com/is/image/Boots/10339807?op_sharpen=1",
    "title": "Rabanne Phantom Intense Eau de Parfum Intense Refill 200ml",
    "referenceUri": "/rabanne-phantom-intense-eau-de-parfum-intense-refill-200ml-10339807",
    "canAddToBasket": "yes",
    "opticians": false,
    "inStock": true,
    "expressDelivery": false,
    "hasOtherPromotion": true,
    "channelPromotionalTextMap": {
      "-1": [
        "Save up to 20 percent on selected fragrances"
      ],
      "-6": [
        "Save up to 20 percent on selected fragrances"
      ]
    },
    "adCardPoints": 327
  },
  {
    "_id": {
      "$oid": "65ec108d9884656b92f55706"
    },
    "ppuQuantity": "200ML",
    "pricing": {
      "perUnit": "£71.83 per 100ML",
      "regular": {
        "value": 169,
        "currency": "GBP",
        "text": "£169.00"
      },
      "current": {
        "value": 143.65,
        "currency": "GBP",
        "text": "£143.65"
      },
      "saving": {
        "value": 25.35,
        "currency": "GBP",
        "text": "£25.35"
      }
    },
    "objectId": "2930097",
    "brand": "Paco Rabanne",
    "attributes": {
      "fragrance_scent": "floral",
      "product_type": "body spray",
      "StockOverrideMessage": "STOCK_COMING_SOON",
      "gender": "womens",
      "size": "151-200",
      "format": "spray",
      "fragrance_type": "eau de parfum",
      "hasPriceAdvantageDeal": false,
      "ProductReviewFlag": "1"
    },
    "variants": {
      "colours": [],
      "hasColours": false,
      "hasSizes": false
    },
    "categories": [
      [
        {
          "name": "new in",
          "label": "new in"
        },
        {
          "name": "fragrance",
          "label": "fragrance"
        },
        {
          "name": "gift",
          "label": "gift"
        }
      ],
      [
        {
          "name": "new in fragrance",
          "label": "new in > new in fragrance"
        },
        {
          "name": "perfume",
          "label": "fragrance > perfume"
        },
        {
          "name": "gifts for her",
          "label": "gift > gifts for her"
        },
        {
          "name": "luxury fragrance",
          "label": "fragrance > luxury fragrance"
        },
        {
          "name": "new in fragrance",
          "label": "fragrance > new in fragrance"
        },
        {
          "name": "brands",
          "label": "fragrance > brands"
        }
      ],
      [
        {
          "name": "all perfumes",
          "label": "fragrance > perfume > all perfumes"
        },
        {
          "name": "floral perfume",
          "label": "fragrance > perfume > floral perfume"
        },
        {
          "name": "perfume refill bottles",
          "label": "fragrance > perfume > perfume refill bottles"
        },
        {
          "name": "all perfumes",
          "label": "gift > gifts for her > all perfumes"
        }
      ]
    ],
    "reviews": {
      "average": null,
      "count": null,
      "rounded": null
    },
    "parent": {
      "product": "2930096",
      "partNumber": "10339804.P",
      "model": "10339804",
      "manufacturerModel": "2239396"
    },
    "images": {
      "thumbnail": "https://boots.scene7.com/is/image/Boots/10339804?wid=45&hei=60&op_sharpen=1"
    },
    "offers": [
      {
        "text": "Save up to 20 percent on selected fragrances"
      }
    ],
    "actions": {},
    "iconUri": "https://boots.scene7.com/is/image/Boots/10339804?op_sharpen=1",
    "title": "Rabanne Fame Intense Eau de Parfum Intense Refill 200ml",
    "referenceUri": "/rabanne-fame-intense-eau-de-parfum-intense-refill-200ml-10339804",
    "canAddToBasket": "yes",
    "opticians": false,
    "inStock": true,
    "expressDelivery": false,
    "hasOtherPromotion": true,
    "channelPromotionalTextMap": {
      "-1": [
        "Save up to 20 percent on selected fragrances"
      ],
      "-6": [
        "Save up to 20 percent on selected fragrances"
      ]
    },
    "adCardPoints": 429
  },
  {
    "_id": {
      "$oid": "65ec108d9884656b92f55707"
    },
    "ppuQuantity": "50ML",
    "pricing": {
      "perUnit": "£116.80 per 100ML",
      "regular": {
        "value": 73,
        "currency": "GBP",
        "text": "£73.00"
      },
      "current": {
        "value": 58.4,
        "currency": "GBP",
        "text": "£58.40"
      },
      "saving": {
        "value": 14.6,
        "currency": "GBP",
        "text": "£14.60"
      }
    },
    "objectId": "2929109",
    "brand": "Marc Jacobs",
    "attributes": {
      "fragrance_scent": "fruity",
      "product_type": "body spray",
      "gender": "womens",
      "size": "41-50",
      "StockOverrideMessage": "STOCK_COMING_SOON",
      "fragrance_type": "eau de toilette",
      "format": "spray",
      "hasPriceAdvantageDeal": false,
      "ProductReviewFlag": "1"
    },
    "variants": {
      "colours": [],
      "hasColours": false,
      "hasSizes": false
    },
    "categories": [
      [
        {
          "name": "new in",
          "label": "new in"
        },
        {
          "name": "fragrance",
          "label": "fragrance"
        },
        {
          "name": "gift",
          "label": "gift"
        },
        {
          "name": "mother's day",
          "label": "mother's day"
        }
      ],
      [
        {
          "name": "new in fragrance",
          "label": "new in > new in fragrance"
        },
        {
          "name": "perfume",
          "label": "fragrance > perfume"
        },
        {
          "name": "gifts for her",
          "label": "gift > gifts for her"
        },
        {
          "name": "luxury fragrance",
          "label": "fragrance > luxury fragrance"
        },
        {
          "name": "new in fragrance",
          "label": "fragrance > new in fragrance"
        },
        {
          "name": "shop all",
          "label": "mother's day > shop all"
        }
      ],
      [
        {
          "name": "all perfumes",
          "label": "fragrance > perfume > all perfumes"
        },
        {
          "name": "all perfumes",
          "label": "gift > gifts for her > all perfumes"
        }
      ]
    ],
    "reviews": {
      "average": 4.6,
      "count": 315,
      "rounded": 4
    },
    "parent": {
      "product": "2929108",
      "partNumber": "10339717.P",
      "model": "10339717",
      "manufacturerModel": "2218267"
    },
    "images": {
      "thumbnail": "https://boots.scene7.com/is/image/Boots/10339717?wid=45&hei=60&op_sharpen=1"
    },
    "offers": [
      {
        "text": "Save up to 20 percent on selected fragrances"
      }
    ],
    "actions": {},
    "iconUri": "https://boots.scene7.com/is/image/Boots/10339717?op_sharpen=1",
    "title": "Daisy Marc Jacobs Pop for Women 50ml",
    "referenceUri": "/daisy-marc-jacobs-pop-for-women-50ml-10339717",
    "canAddToBasket": "yes",
    "opticians": false,
    "inStock": true,
    "expressDelivery": false,
    "hasOtherPromotion": true,
    "channelPromotionalTextMap": {
      "-1": [
        "Save up to 20 percent on selected fragrances"
      ],
      "-6": [
        "Save up to 20 percent on selected fragrances"
      ]
    },
    "adCardPoints": 174
  },
  {
    "_id": {
      "$oid": "65ec108d9884656b92f55708"
    },
    "ppuQuantity": "100ML",
    "pricing": {
      "perUnit": "£77.60 per 100ML",
      "regular": {
        "value": 97,
        "currency": "GBP",
        "text": "£97.00"
      },
      "current": {
        "value": 77.6,
        "currency": "GBP",
        "text": "£77.60"
      },
      "saving": {
        "value": 19.4,
        "currency": "GBP",
        "text": "£19.40"
      }
    },
    "objectId": "335418",
    "brand": "Marc Jacobs",
    "attributes": {
      "fragrance_scent": [
        "jasmine",
        "floral"
      ],
      "gender": "womens",
      "StockOverrideMessage": "STOCK_COMING_SOON",
      "Size": [
        "100ml",
        "100 ml"
      ],
      "parentCategory_UK": "33071",
      "format": "spray",
      "fragrance_type": "eau de toilette",
      "Reporting_Category": "fragrance",
      "gift_type": "fragrance gifts",
      "product_type": [
        "body spray",
        "body spray"
      ],
      "size": "71-100",
      "recipient": "gifts for women",
      "hasPriceAdvantageDeal": false,
      "ProductReviewFlag": "1"
    },
    "variants": {
      "colours": [],
      "hasColours": false,
      "hasSizes": false
    },
    "categories": [
      [
        {
          "name": "mother's day",
          "label": "mother's day"
        },
        {
          "name": "fragrance",
          "label": "fragrance"
        },
        {
          "name": "gift",
          "label": "gift"
        }
      ],
      [
        {
          "name": "shop all",
          "label": "mother's day > shop all"
        },
        {
          "name": "perfume",
          "label": "fragrance > perfume"
        },
        {
          "name": "fragrance offers",
          "label": "fragrance > fragrance offers"
        },
        {
          "name": "recommended",
          "label": "fragrance > recommended"
        },
        {
          "name": "gifts for her",
          "label": "gift > gifts for her"
        },
        {
          "name": "all gifts",
          "label": "gift > all gifts"
        }
      ],
      [
        {
          "name": "all perfumes",
          "label": "fragrance > perfume > all perfumes"
        },
        {
          "name": "floral perfume",
          "label": "fragrance > perfume > floral perfume"
        },
        {
          "name": "Triple points on top scents",
          "label": "fragrance > fragrance offers > Triple points on top scents"
        },
        {
          "name": "Collect £10 worth of points when you spend £60",
          "label": "fragrance > fragrance offers > Collect £10 worth of points when you spend £60"
        },
        {
          "name": "Save 15% on 100s of fragrances",
          "label": "fragrance > fragrance offers > Save 15% on 100s of fragrances"
        },
        {
          "name": "best summer fragrances",
          "label": "fragrance > recommended > best summer fragrances"
        },
        {
          "name": "best floral perfumes",
          "label": "fragrance > recommended > best floral perfumes"
        },
        {
          "name": "all perfumes",
          "label": "gift > gifts for her > all perfumes"
        }
      ]
    ],
    "reviews": {
      "average": 4.59,
      "count": 1563,
      "rounded": 4
    },
    "parent": {
      "product": "335417",
      "partNumber": "10075196.P",
      "model": "10075196",
      "manufacturerModel": "5498740"
    },
    "images": {
      "thumbnail": "https://boots.scene7.com/is/image/Boots/10075196?wid=45&hei=60&op_sharpen=1"
    },
    "offers": [
      {
        "text": "Save up to 20 percent on selected fragrances"
      }
    ],
    "actions": {},
    "iconUri": "https://boots.scene7.com/is/image/Boots/10075196?op_sharpen=1",
    "title": "Marc Jacobs Daisy Eau de Toilette 100ml",
    "referenceUri": "/marc-jacobs-daisy-eau-de-toilette-100ml-10075196",
    "canAddToBasket": "yes",
    "opticians": false,
    "inStock": true,
    "expressDelivery": false,
    "hasOtherPromotion": true,
    "channelPromotionalTextMap": {
      "-1": [
        "Save up to 20 percent on selected fragrances"
      ],
      "-6": [
        "Save up to 20 percent on selected fragrances"
      ]
    },
    "adCardPoints": 231
  },
  {
    "_id": {
      "$oid": "65ec108d9884656b92f55709"
    },
    "ppuQuantity": "75ML",
    "pricing": {
      "perUnit": "£84.27 per 100ML",
      "regular": {
        "value": 79,
        "currency": "GBP",
        "text": "£79.00"
      },
      "current": {
        "value": 63.2,
        "currency": "GBP",
        "text": "£63.20"
      },
      "saving": {
        "value": 15.8,
        "currency": "GBP",
        "text": "£15.80"
      }
    },
    "objectId": "1154874",
    "brand": "Marc Jacobs",
    "attributes": {
      "fragrance_scent": [
        "floral",
        "musk",
        "fruity"
      ],
      "StockOverrideMessage": "STOCK_COMING_SOON",
      "gender": "womens",
      "Size": "75ml",
      "parentCategory_UK": "33071",
      "fragrance_type": "eau de toilette",
      "format": "spray",
      "Reporting_Category": "fragrance",
      "gift_type": "fragrance gifts",
      "product_type": [
        "body spray",
        "body spray"
      ],
      "size": "71-100",
      "recipient": "gifts for women",
      "hasPriceAdvantageDeal": false,
      "ProductReviewFlag": "1"
    },
    "variants": {
      "colours": [],
      "hasColours": false,
      "hasSizes": false
    },
    "categories": [
      [
        {
          "name": "fragrance",
          "label": "fragrance"
        },
        {
          "name": "gift",
          "label": "gift"
        }
      ],
      [
        {
          "name": "fragrance offers",
          "label": "fragrance > fragrance offers"
        },
        {
          "name": "perfume",
          "label": "fragrance > perfume"
        },
        {
          "name": "gifts for her",
          "label": "gift > gifts for her"
        }
      ],
      [
        {
          "name": "all perfumes",
          "label": "fragrance > perfume > all perfumes"
        },
        {
          "name": "musky perfume",
          "label": "fragrance > perfume > musky perfume"
        },
        {
          "name": "floral perfume",
          "label": "fragrance > perfume > floral perfume"
        },
        {
          "name": "Save 15% on 100s of fragrances",
          "label": "fragrance > fragrance offers > Save 15% on 100s of fragrances"
        },
        {
          "name": "all perfumes",
          "label": "gift > gifts for her > all perfumes"
        }
      ]
    ],
    "reviews": {
      "average": 4.71,
      "count": 8035,
      "rounded": 4
    },
    "parent": {
      "product": "1154873",
      "partNumber": "10118906.P",
      "model": "10118906",
      "manufacturerModel": "4518810"
    },
    "images": {
      "thumbnail": "https://boots.scene7.com/is/image/Boots/10118906?wid=45&hei=60&op_sharpen=1"
    },
    "offers": [
      {
        "text": "Save up to 20 percent on selected fragrances"
      }
    ],
    "actions": {},
    "iconUri": "https://boots.scene7.com/is/image/Boots/10118906?op_sharpen=1",
    "title": "Marc Jacobs Daisy Eau So Fresh Eau de Toilette 75ml",
    "referenceUri": "/marc-jacobs-daisy-eau-so-fresh-eau-de-toilette-75ml-10118906",
    "canAddToBasket": "yes",
    "opticians": false,
    "inStock": true,
    "expressDelivery": false,
    "hasOtherPromotion": true,
    "channelPromotionalTextMap": {
      "-1": [
        "Save up to 20 percent on selected fragrances"
      ],
      "-6": [
        "Save up to 20 percent on selected fragrances"
      ]
    },
    "adCardPoints": 189
  },
  {
    "_id": {
      "$oid": "65ec108d9884656b92f5570a"
    },
    "ppuQuantity": "50ML",
    "pricing": {
      "perUnit": "£116.80 per 100ML",
      "regular": {
        "value": 73,
        "currency": "GBP",
        "text": "£73.00"
      },
      "current": {
        "value": 58.4,
        "currency": "GBP",
        "text": "£58.40"
      },
      "saving": {
        "value": 14.6,
        "currency": "GBP",
        "text": "£14.60"
      }
    },
    "objectId": "2929111",
    "brand": "Marc Jacobs",
    "attributes": {
      "fragrance_scent": "fruity",
      "product_type": "body spray",
      "gender": "womens",
      "size": "41-50",
      "StockOverrideMessage": "STOCK_COMING_SOON",
      "fragrance_type": "eau de toilette",
      "format": "spray",
      "hasPriceAdvantageDeal": false,
      "ProductReviewFlag": "1"
    },
    "variants": {
      "colours": [],
      "hasColours": false,
      "hasSizes": false
    },
    "categories": [
      [
        {
          "name": "new in",
          "label": "new in"
        },
        {
          "name": "fragrance",
          "label": "fragrance"
        },
        {
          "name": "gift",
          "label": "gift"
        },
        {
          "name": "mother's day",
          "label": "mother's day"
        }
      ],
      [
        {
          "name": "new in fragrance",
          "label": "new in > new in fragrance"
        },
        {
          "name": "perfume",
          "label": "fragrance > perfume"
        },
        {
          "name": "gifts for her",
          "label": "gift > gifts for her"
        },
        {
          "name": "luxury fragrance",
          "label": "fragrance > luxury fragrance"
        },
        {
          "name": "new in fragrance",
          "label": "fragrance > new in fragrance"
        },
        {
          "name": "shop all",
          "label": "mother's day > shop all"
        }
      ],
      [
        {
          "name": "all perfumes",
          "label": "fragrance > perfume > all perfumes"
        },
        {
          "name": "all perfumes",
          "label": "gift > gifts for her > all perfumes"
        }
      ]
    ],
    "reviews": {
      "average": 4.55,
      "count": 320,
      "rounded": 4
    },
    "parent": {
      "product": "2929110",
      "partNumber": "10339718.P",
      "model": "10339718",
      "manufacturerModel": "2218356"
    },
    "images": {
      "thumbnail": "https://boots.scene7.com/is/image/Boots/10339718?wid=45&hei=60&op_sharpen=1"
    },
    "offers": [
      {
        "text": "Save up to 20 percent on selected fragrances"
      }
    ],
    "actions": {},
    "iconUri": "https://boots.scene7.com/is/image/Boots/10339718?op_sharpen=1",
    "title": "Daisy Marc Jacobs Love Pop for Women 50ml",
    "referenceUri": "/daisy-marc-jacobs-love-pop-for-women-50ml-10339718",
    "canAddToBasket": "yes",
    "opticians": false,
    "inStock": true,
    "expressDelivery": false,
    "hasOtherPromotion": true,
    "channelPromotionalTextMap": {
      "-1": [
        "Save up to 20 percent on selected fragrances"
      ],
      "-6": [
        "Save up to 20 percent on selected fragrances"
      ]
    },
    "adCardPoints": 174
  },
  {
    "_id": {
      "$oid": "65ec108d9884656b92f5570b"
    },
    "ppuQuantity": "30ML",
    "pricing": {
      "perUnit": "£138.67 per 100ML",
      "regular": {
        "value": 52,
        "currency": "GBP",
        "text": "£52.00"
      },
      "current": {
        "value": 41.6,
        "currency": "GBP",
        "text": "£41.60"
      },
      "saving": {
        "value": 10.4,
        "currency": "GBP",
        "text": "£10.40"
      }
    },
    "objectId": "2144513",
    "brand": "Marc Jacobs",
    "attributes": {
      "fragrance_scent": "fruity",
      "product_type": [
        "body spray",
        "body spray"
      ],
      "gender": "womens",
      "StockOverrideMessage": "STOCK_COMING_SOON",
      "size": "21-30",
      "fragrance_type": "eau de toilette",
      "format": "spray",
      "recipient": "gifts for women",
      "hasPriceAdvantageDeal": false,
      "Reporting_Category": "fragrance",
      "gift_type": "fragrance gifts",
      "ProductReviewFlag": "1"
    },
    "variants": {
      "colours": [],
      "hasColours": false,
      "hasSizes": false
    },
    "categories": [
      [
        {
          "name": "fragrance",
          "label": "fragrance"
        },
        {
          "name": "gift",
          "label": "gift"
        }
      ],
      [
        {
          "name": "5* rated perfumes & aftershaves",
          "label": "fragrance > 5* rated perfumes & aftershaves"
        },
        {
          "name": "perfume",
          "label": "fragrance > perfume"
        },
        {
          "name": "fragrance offers",
          "label": "fragrance > fragrance offers"
        },
        {
          "name": "gifts for her",
          "label": "gift > gifts for her"
        }
      ],
      [
        {
          "name": "all perfumes",
          "label": "fragrance > perfume > all perfumes"
        },
        {
          "name": "floral perfume",
          "label": "fragrance > perfume > floral perfume"
        },
        {
          "name": "Save 15% on 100s of fragrances",
          "label": "fragrance > fragrance offers > Save 15% on 100s of fragrances"
        },
        {
          "name": "all perfumes",
          "label": "gift > gifts for her > all perfumes"
        }
      ]
    ],
    "reviews": {
      "average": 4.74,
      "count": 2992,
      "rounded": 4
    },
    "parent": {
      "product": "2144512",
      "partNumber": "10250011.P",
      "model": "10250011",
      "manufacturerModel": "8204349"
    },
    "images": {
      "thumbnail": "https://boots.scene7.com/is/image/Boots/10250011?wid=45&hei=60&op_sharpen=1"
    },
    "offers": [
      {
        "text": "Save up to 20 percent on selected fragrances"
      }
    ],
    "actions": {},
    "iconUri": "https://boots.scene7.com/is/image/Boots/10250011?op_sharpen=1",
    "title": "Marc Jacobs Daisy Love Eau de Toilette 30ml",
    "referenceUri": "/marc-jacobs-daisy-love-eau-de-toilette-spray-30ml-10250011",
    "canAddToBasket": "yes",
    "opticians": false,
    "inStock": true,
    "expressDelivery": false,
    "hasOtherPromotion": true,
    "channelPromotionalTextMap": {
      "-1": [
        "Save up to 20 percent on selected fragrances"
      ],
      "-6": [
        "Save up to 20 percent on selected fragrances"
      ]
    },
    "adCardPoints": 123
  },
  {
    "_id": {
      "$oid": "65ec108d9884656b92f5570c"
    },
    "ppuQuantity": null,
    "pricing": {
      "perUnit": "",
      "regular": {
        "value": 28,
        "currency": "GBP",
        "text": "£28.00"
      },
      "current": {
        "value": 22.4,
        "currency": "GBP",
        "text": "£22.40"
      },
      "saving": {
        "value": 5.6,
        "currency": "GBP",
        "text": "£5.60"
      }
    },
    "objectId": "2865093",
    "brand": "Marc Jacobs",
    "attributes": {
      "fragrance_scent": "floral",
      "size": "21-30",
      "StockOverrideMessage": "STOCK_COMING_SOON",
      "fragrance_type": "eau de toilette",
      "hasPriceAdvantageDeal": false,
      "ProductReviewFlag": "1"
    },
    "variants": {
      "colours": [],
      "hasColours": false,
      "hasSizes": false
    },
    "categories": [
      [
        {
          "name": "fragrance",
          "label": "fragrance"
        },
        {
          "name": "gift",
          "label": "gift"
        },
        {
          "name": "new in",
          "label": "new in"
        }
      ],
      [
        {
          "name": "perfume",
          "label": "fragrance > perfume"
        },
        {
          "name": "gifts for her",
          "label": "gift > gifts for her"
        },
        {
          "name": "luxury fragrance",
          "label": "fragrance > luxury fragrance"
        },
        {
          "name": "new in fragrance",
          "label": "fragrance > new in fragrance"
        },
        {
          "name": "brands",
          "label": "fragrance > brands"
        },
        {
          "name": "new in fragrance",
          "label": "new in > new in fragrance"
        }
      ],
      [
        {
          "name": "all perfumes",
          "label": "fragrance > perfume > all perfumes"
        },
        {
          "name": "floral perfume",
          "label": "fragrance > perfume > floral perfume"
        },
        {
          "name": "all perfumes",
          "label": "gift > gifts for her > all perfumes"
        }
      ]
    ],
    "reviews": {
      "average": 4.7,
      "count": 8032,
      "rounded": 4
    },
    "parent": {
      "product": "2865092",
      "partNumber": "10332262.P",
      "model": "10332262",
      "manufacturerModel": "5708370"
    },
    "images": {
      "thumbnail": "https://boots.scene7.com/is/image/Boots/10332262?wid=45&hei=60&op_sharpen=1"
    },
    "offers": [
      {
        "text": "Save up to 20 percent on selected fragrances"
      }
    ],
    "actions": {},
    "iconUri": "https://boots.scene7.com/is/image/Boots/10332262?op_sharpen=1",
    "title": "Marc Jacobs Daisy Drops Eau So Fresh for Women - 30 Capsules",
    "referenceUri": "/marc-jacobs-daisy-drops-eau-so-fresh-for-women-30-capsules-10332262",
    "canAddToBasket": "yes",
    "opticians": false,
    "inStock": true,
    "expressDelivery": false,
    "hasOtherPromotion": true,
    "channelPromotionalTextMap": {
      "-1": [
        "Save up to 20 percent on selected fragrances"
      ],
      "-6": [
        "Save up to 20 percent on selected fragrances"
      ]
    },
    "adCardPoints": 66
  },
  {
    "_id": {
      "$oid": "65ec108d9884656b92f5570d"
    },
    "ppuQuantity": "30ML",
    "pricing": {
      "perUnit": "£138.67 per 100ML",
      "regular": {
        "value": 52,
        "currency": "GBP",
        "text": "£52.00"
      },
      "current": {
        "value": 41.6,
        "currency": "GBP",
        "text": "£41.60"
      },
      "saving": {
        "value": 10.4,
        "currency": "GBP",
        "text": "£10.40"
      }
    },
    "objectId": "2288536",
    "brand": "Marc Jacobs",
    "attributes": {
      "fragrance_scent": [
        "floral",
        "sweet"
      ],
      "product_type": [
        "body spray",
        "body spray"
      ],
      "StockOverrideMessage": "STOCK_COMING_SOON",
      "gender": "womens",
      "size": "21-30",
      "format": "spray",
      "fragrance_type": "eau de toilette",
      "recipient": "gifts for women",
      "hasPriceAdvantageDeal": false,
      "Reporting_Category": "fragrance",
      "gift_type": "fragrance gifts",
      "ProductReviewFlag": "1"
    },
    "variants": {
      "colours": [],
      "hasColours": false,
      "hasSizes": false
    },
    "categories": [
      [
        {
          "name": "fragrance",
          "label": "fragrance"
        },
        {
          "name": "gift",
          "label": "gift"
        }
      ],
      [
        {
          "name": "5* rated perfumes & aftershaves",
          "label": "fragrance > 5* rated perfumes & aftershaves"
        },
        {
          "name": "perfume",
          "label": "fragrance > perfume"
        },
        {
          "name": "fragrance offers",
          "label": "fragrance > fragrance offers"
        },
        {
          "name": "gifts for her",
          "label": "gift > gifts for her"
        }
      ],
      [
        {
          "name": "all perfumes",
          "label": "fragrance > perfume > all perfumes"
        },
        {
          "name": "floral perfume",
          "label": "fragrance > perfume > floral perfume"
        },
        {
          "name": "Save 15% on 100s of fragrances",
          "label": "fragrance > fragrance offers > Save 15% on 100s of fragrances"
        },
        {
          "name": "all perfumes",
          "label": "gift > gifts for her > all perfumes"
        }
      ]
    ],
    "reviews": {
      "average": 4.76,
      "count": 287,
      "rounded": 4
    },
    "parent": {
      "product": "2288535",
      "partNumber": "10266228.P",
      "model": "10266228",
      "manufacturerModel": "8551820"
    },
    "images": {
      "thumbnail": "https://boots.scene7.com/is/image/Boots/10266228?wid=45&hei=60&op_sharpen=1"
    },
    "offers": [
      {
        "text": "Save up to 20 percent on selected fragrances"
      }
    ],
    "actions": {},
    "iconUri": "https://boots.scene7.com/is/image/Boots/10266228?op_sharpen=1",
    "title": "Marc Jacobs Daisy Love Eau So Sweet Eau de Toilette 30ml",
    "referenceUri": "/marc-jacobs-daisy-love-eau-so-sweet-eau-de-toilette-30ml-10266228",
    "canAddToBasket": "yes",
    "opticians": false,
    "inStock": true,
    "expressDelivery": false,
    "hasOtherPromotion": true,
    "channelPromotionalTextMap": {
      "-1": [
        "Save up to 20 percent on selected fragrances"
      ],
      "-6": [
        "Save up to 20 percent on selected fragrances"
      ]
    },
    "adCardPoints": 123
  },
  {
    "_id": {
      "$oid": "65ec108d9884656b92f5570e"
    },
    "ppuQuantity": null,
    "pricing": {
      "perUnit": "",
      "regular": {
        "value": 28,
        "currency": "GBP",
        "text": "£28.00"
      },
      "current": {
        "value": 22.4,
        "currency": "GBP",
        "text": "£22.40"
      },
      "saving": {
        "value": 5.6,
        "currency": "GBP",
        "text": "£5.60"
      }
    },
    "objectId": "2865091",
    "brand": "Marc Jacobs",
    "attributes": {
      "fragrance_scent": "floral",
      "size": "21-30",
      "StockOverrideMessage": "STOCK_COMING_SOON",
      "gender": "womens",
      "fragrance_type": "eau de toilette",
      "hasPriceAdvantageDeal": false,
      "ProductReviewFlag": "1"
    },
    "variants": {
      "colours": [],
      "hasColours": false,
      "hasSizes": false
    },
    "categories": [
      [
        {
          "name": "fragrance",
          "label": "fragrance"
        },
        {
          "name": "gift",
          "label": "gift"
        },
        {
          "name": "new in",
          "label": "new in"
        }
      ],
      [
        {
          "name": "perfume",
          "label": "fragrance > perfume"
        },
        {
          "name": "gifts for her",
          "label": "gift > gifts for her"
        },
        {
          "name": "luxury fragrance",
          "label": "fragrance > luxury fragrance"
        },
        {
          "name": "new in fragrance",
          "label": "fragrance > new in fragrance"
        },
        {
          "name": "brands",
          "label": "fragrance > brands"
        },
        {
          "name": "new in fragrance",
          "label": "new in > new in fragrance"
        }
      ],
      [
        {
          "name": "all perfumes",
          "label": "fragrance > perfume > all perfumes"
        },
        {
          "name": "floral perfume",
          "label": "fragrance > perfume > floral perfume"
        },
        {
          "name": "all perfumes",
          "label": "gift > gifts for her > all perfumes"
        }
      ]
    ],
    "reviews": {
      "average": 4.53,
      "count": 1420,
      "rounded": 4
    },
    "parent": {
      "product": "2865090",
      "partNumber": "10332261.P",
      "model": "10332261",
      "manufacturerModel": "5708362"
    },
    "images": {
      "thumbnail": "https://boots.scene7.com/is/image/Boots/10332261?wid=45&hei=60&op_sharpen=1"
    },
    "offers": [
      {
        "text": "Save up to 20 percent on selected fragrances"
      }
    ],
    "actions": {},
    "iconUri": "https://boots.scene7.com/is/image/Boots/10332261?op_sharpen=1",
    "title": "Marc Jacobs Daisy Drops Signature for Women - 30 Capsules",
    "referenceUri": "/marc-jacobs-daisy-drops-signature-for-women-30-capsules-10332261",
    "canAddToBasket": "yes",
    "opticians": false,
    "inStock": true,
    "expressDelivery": false,
    "hasOtherPromotion": true,
    "channelPromotionalTextMap": {
      "-1": [
        "Save up to 20 percent on selected fragrances"
      ],
      "-6": [
        "Save up to 20 percent on selected fragrances"
      ]
    },
    "adCardPoints": 66
  },
  {
    "_id": {
      "$oid": "65ec108d9884656b92f5570f"
    },
    "ppuQuantity": "50ML",
    "pricing": {
      "perUnit": "£116.80 per 100ML",
      "regular": {
        "value": 73,
        "currency": "GBP",
        "text": "£73.00"
      },
      "current": {
        "value": 58.4,
        "currency": "GBP",
        "text": "£58.40"
      },
      "saving": {
        "value": 14.6,
        "currency": "GBP",
        "text": "£14.60"
      }
    },
    "objectId": "2144515",
    "brand": "Marc Jacobs",
    "attributes": {
      "fragrance_scent": "fruity",
      "product_type": [
        "body spray",
        "body spray"
      ],
      "StockOverrideMessage": "STOCK_COMING_SOON",
      "gender": "womens",
      "size": "41-50",
      "fragrance_type": "eau de toilette",
      "format": "spray",
      "recipient": "gifts for women",
      "hasPriceAdvantageDeal": false,
      "Reporting_Category": "fragrance",
      "gift_type": "fragrance gifts",
      "ProductReviewFlag": "1"
    },
    "variants": {
      "colours": [],
      "hasColours": false,
      "hasSizes": false
    },
    "categories": [
      [
        {
          "name": "sun & holiday",
          "label": "sun & holiday"
        },
        {
          "name": "fragrance",
          "label": "fragrance"
        },
        {
          "name": "gift",
          "label": "gift"
        }
      ],
      [
        {
          "name": "your holiday starts here",
          "label": "sun & holiday > your holiday starts here"
        },
        {
          "name": "perfume",
          "label": "fragrance > perfume"
        },
        {
          "name": "fragrance offers",
          "label": "fragrance > fragrance offers"
        },
        {
          "name": "gifts for her",
          "label": "gift > gifts for her"
        }
      ],
      [
        {
          "name": "all perfumes",
          "label": "fragrance > perfume > all perfumes"
        },
        {
          "name": "floral perfume",
          "label": "fragrance > perfume > floral perfume"
        },
        {
          "name": "Save 15% on 100s of fragrances",
          "label": "fragrance > fragrance offers > Save 15% on 100s of fragrances"
        },
        {
          "name": "all perfumes",
          "label": "gift > gifts for her > all perfumes"
        }
      ]
    ],
    "reviews": {
      "average": 4.74,
      "count": 2984,
      "rounded": 4
    },
    "parent": {
      "product": "2144514",
      "partNumber": "10250012.P",
      "model": "10250012",
      "manufacturerModel": "8204357"
    },
    "images": {
      "thumbnail": "https://boots.scene7.com/is/image/Boots/10250012?wid=45&hei=60&op_sharpen=1"
    },
    "offers": [
      {
        "text": "Save up to 20 percent on selected fragrances"
      }
    ],
    "actions": {},
    "iconUri": "https://boots.scene7.com/is/image/Boots/10250012?op_sharpen=1",
    "title": "Marc Jacobs Daisy Love Eau de Toilette 50ml",
    "referenceUri": "/marc-jacobs-daisy-love-eau-de-toilette-spray-50ml-10250012",
    "canAddToBasket": "yes",
    "opticians": false,
    "inStock": true,
    "expressDelivery": false,
    "hasOtherPromotion": true,
    "channelPromotionalTextMap": {
      "-1": [
        "Save up to 20 percent on selected fragrances"
      ],
      "-6": [
        "Save up to 20 percent on selected fragrances"
      ]
    },
    "adCardPoints": 174
  },
  {
    "_id": {
      "$oid": "65ec108d9884656b92f55710"
    },
    "ppuQuantity": "100ML",
    "pricing": {
      "perUnit": "£91.20 per 100ML",
      "regular": {
        "value": 114,
        "currency": "GBP",
        "text": "£114.00"
      },
      "current": {
        "value": 91.2,
        "currency": "GBP",
        "text": "£91.20"
      },
      "saving": {
        "value": 22.8,
        "currency": "GBP",
        "text": "£22.80"
      }
    },
    "objectId": "2456971",
    "brand": "Marc Jacobs",
    "attributes": {
      "fragrance_scent": "floral",
      "StockOverrideMessage": "STOCK_COMING_SOON",
      "gender": "womens",
      "size": "71-100",
      "fragrance_type": "eau de parfum",
      "format": "spray",
      "recipient": "gifts for women",
      "hasPriceAdvantageDeal": false,
      "Reporting_Category": "fragrance",
      "gift_type": "fragrance gifts",
      "ProductReviewFlag": "1"
    },
    "variants": {
      "colours": [],
      "hasColours": false,
      "hasSizes": false
    },
    "categories": [
      [
        {
          "name": "mother's day",
          "label": "mother's day"
        },
        {
          "name": "fragrance",
          "label": "fragrance"
        },
        {
          "name": "sun & holiday",
          "label": "sun & holiday"
        },
        {
          "name": "gift",
          "label": "gift"
        }
      ],
      [
        {
          "name": "shop all",
          "label": "mother's day > shop all"
        },
        {
          "name": "perfume",
          "label": "fragrance > perfume"
        },
        {
          "name": "recommended",
          "label": "fragrance > recommended"
        },
        {
          "name": "love island",
          "label": "sun & holiday > love island"
        },
        {
          "name": "gifts for her",
          "label": "gift > gifts for her"
        },
        {
          "name": "fragrance offers",
          "label": "fragrance > fragrance offers"
        },
        {
          "name": "5* rated perfumes & aftershaves",
          "label": "fragrance > 5* rated perfumes & aftershaves"
        }
      ],
      [
        {
          "name": "all perfumes",
          "label": "fragrance > perfume > all perfumes"
        },
        {
          "name": "floral perfume",
          "label": "fragrance > perfume > floral perfume"
        },
        {
          "name": "unisex fragrance",
          "label": "fragrance > recommended > unisex fragrance"
        },
        {
          "name": "shop the love island villa",
          "label": "sun & holiday > love island > shop the love island villa"
        },
        {
          "name": "all perfumes",
          "label": "gift > gifts for her > all perfumes"
        }
      ]
    ],
    "reviews": {
      "average": 4.63,
      "count": 2356,
      "rounded": 4
    },
    "parent": {
      "product": "2456970",
      "partNumber": "10288338.P",
      "model": "10288338",
      "manufacturerModel": "8860874"
    },
    "images": {
      "thumbnail": "https://boots.scene7.com/is/image/Boots/10288338?wid=45&hei=60&op_sharpen=1"
    },
    "offers": [
      {
        "text": "Free gift when you buy selected Marc Jacobs - while stocks last"
      },
      {
        "text": "Save up to 20 percent on selected fragrances"
      }
    ],
    "actions": {},
    "iconUri": "https://boots.scene7.com/is/image/Boots/10288338?op_sharpen=1",
    "title": "Marc Jacobs Perfect Eau de Parfum 100ml",
    "referenceUri": "/marc-jacobs-perfect-eau-de-parfum-100ml-10288338",
    "canAddToBasket": "yes",
    "opticians": false,
    "inStock": true,
    "expressDelivery": false,
    "hasOtherPromotion": true,
    "channelPromotionalTextMap": {
      "-1": [
        "Free gift when you buy selected Marc Jacobs - while stocks last",
        "Save up to 20 percent on selected fragrances"
      ],
      "-6": [
        "Free gift when you buy selected Marc Jacobs - while stocks last",
        "Save up to 20 percent on selected fragrances"
      ]
    },
    "adCardPoints": 273
  },
  {
    "_id": {
      "$oid": "65ec108d9884656b92f55711"
    },
    "ppuQuantity": "30ML",
    "pricing": {
      "perUnit": "£138.67 per 100ML",
      "regular": {
        "value": 52,
        "currency": "GBP",
        "text": "£52.00"
      },
      "current": {
        "value": 41.6,
        "currency": "GBP",
        "text": "£41.60"
      },
      "saving": {
        "value": 10.4,
        "currency": "GBP",
        "text": "£10.40"
      }
    },
    "objectId": "2353513",
    "brand": "Marc Jacobs",
    "attributes": {
      "fragrance_scent": [
        "jasmine",
        "floral"
      ],
      "gender": "womens",
      "StockOverrideMessage": "STOCK_COMING_SOON",
      "size": "21-30",
      "fragrance_type": "eau de toilette",
      "format": "spray",
      "recipient": "gifts for women",
      "hasPriceAdvantageDeal": false,
      "Reporting_Category": "fragrance",
      "gift_type": "fragrance gifts",
      "ProductReviewFlag": "1"
    },
    "variants": {
      "colours": [],
      "hasColours": false,
      "hasSizes": false
    },
    "categories": [
      [
        {
          "name": "fragrance",
          "label": "fragrance"
        },
        {
          "name": "gift",
          "label": "gift"
        }
      ],
      [
        {
          "name": "5* rated perfumes & aftershaves",
          "label": "fragrance > 5* rated perfumes & aftershaves"
        },
        {
          "name": "perfume",
          "label": "fragrance > perfume"
        },
        {
          "name": "fragrance offers",
          "label": "fragrance > fragrance offers"
        },
        {
          "name": "gifts for her",
          "label": "gift > gifts for her"
        }
      ],
      [
        {
          "name": "all perfumes",
          "label": "fragrance > perfume > all perfumes"
        },
        {
          "name": "floral perfume",
          "label": "fragrance > perfume > floral perfume"
        },
        {
          "name": "Save 15% on 100s of fragrances",
          "label": "fragrance > fragrance offers > Save 15% on 100s of fragrances"
        },
        {
          "name": "all perfumes",
          "label": "gift > gifts for her > all perfumes"
        }
      ]
    ],
    "reviews": {
      "average": 4.79,
      "count": 347,
      "rounded": 4
    },
    "parent": {
      "product": "2353512",
      "partNumber": "10275500.P",
      "model": "10275500",
      "manufacturerModel": "8757569"
    },
    "images": {
      "thumbnail": "https://boots.scene7.com/is/image/Boots/10275500?wid=45&hei=60&op_sharpen=1"
    },
    "offers": [
      {
        "text": "Save up to 20 percent on selected fragrances"
      }
    ],
    "actions": {},
    "iconUri": "https://boots.scene7.com/is/image/Boots/10275500?op_sharpen=1",
    "title": "Marc Jacobs Daisy Eau de Toilette 30ml",
    "referenceUri": "/marc-jacobs-daisy-30ml-10275500",
    "canAddToBasket": "yes",
    "opticians": false,
    "inStock": true,
    "expressDelivery": false,
    "hasOtherPromotion": true,
    "channelPromotionalTextMap": {
      "-1": [
        "Save up to 20 percent on selected fragrances"
      ],
      "-6": [
        "Save up to 20 percent on selected fragrances"
      ]
    },
    "adCardPoints": 123
  },
  {
    "_id": {
      "$oid": "65ec108d9884656b92f55712"
    },
    "ppuQuantity": "50ML",
    "pricing": {
      "perUnit": "£116.80 per 100ML",
      "regular": {
        "value": 73,
        "currency": "GBP",
        "text": "£73.00"
      },
      "current": {
        "value": 58.4,
        "currency": "GBP",
        "text": "£58.40"
      },
      "saving": {
        "value": 14.6,
        "currency": "GBP",
        "text": "£14.60"
      }
    },
    "objectId": "1498245",
    "brand": "Marc Jacobs",
    "attributes": {
      "fragrance_scent": "floral",
      "StockOverrideMessage": "STOCK_COMING_SOON",
      "gender": "womens",
      "Size": "50ml",
      "parentCategory_UK": "33071",
      "fragrance_type": "eau de toilette",
      "format": "spray",
      "Reporting_Category": "fragrance",
      "gift_type": "fragrance gifts",
      "product_type": [
        "body spray",
        "body spray"
      ],
      "size": "41-50",
      "recipient": "gifts for women",
      "hasPriceAdvantageDeal": false,
      "ProductReviewFlag": "1"
    },
    "variants": {
      "colours": [],
      "hasColours": false,
      "hasSizes": false
    },
    "categories": [
      [
        {
          "name": "fragrance",
          "label": "fragrance"
        },
        {
          "name": "gift",
          "label": "gift"
        }
      ],
      [
        {
          "name": "5* rated perfumes & aftershaves",
          "label": "fragrance > 5* rated perfumes & aftershaves"
        },
        {
          "name": "perfume",
          "label": "fragrance > perfume"
        },
        {
          "name": "fragrance offers",
          "label": "fragrance > fragrance offers"
        },
        {
          "name": "gifts for her",
          "label": "gift > gifts for her"
        }
      ],
      [
        {
          "name": "all perfumes",
          "label": "fragrance > perfume > all perfumes"
        },
        {
          "name": "floral perfume",
          "label": "fragrance > perfume > floral perfume"
        },
        {
          "name": "Save 15% on 100s of fragrances",
          "label": "fragrance > fragrance offers > Save 15% on 100s of fragrances"
        },
        {
          "name": "all perfumes",
          "label": "gift > gifts for her > all perfumes"
        }
      ]
    ],
    "reviews": {
      "average": 4.61,
      "count": 587,
      "rounded": 4
    },
    "parent": {
      "product": "1498244",
      "partNumber": "10178317.P",
      "model": "10178317",
      "manufacturerModel": "4001052"
    },
    "images": {
      "thumbnail": "https://boots.scene7.com/is/image/Boots/10178317?wid=45&hei=60&op_sharpen=1"
    },
    "offers": [
      {
        "text": "Save up to 20 percent on selected fragrances"
      }
    ],
    "actions": {},
    "iconUri": "https://boots.scene7.com/is/image/Boots/10178317?op_sharpen=1",
    "title": "Marc Jacobs Daisy Dream Eau de Toilette 50ml",
    "referenceUri": "/marc-jacobs-daisy-dream-eau-de-toilette-50ml-10178317",
    "canAddToBasket": "yes",
    "opticians": false,
    "inStock": true,
    "expressDelivery": false,
    "hasOtherPromotion": true,
    "channelPromotionalTextMap": {
      "-1": [
        "Save up to 20 percent on selected fragrances"
      ],
      "-6": [
        "Save up to 20 percent on selected fragrances"
      ]
    },
    "adCardPoints": 174
  },
  {
    "_id": {
      "$oid": "65ec108d9884656b92f55713"
    },
    "ppuQuantity": "30ML",
    "pricing": {
      "perUnit": "£157.33 per 100ML",
      "regular": {
        "value": 59,
        "currency": "GBP",
        "text": "£59.00"
      },
      "current": {
        "value": 47.2,
        "currency": "GBP",
        "text": "£47.20"
      },
      "saving": {
        "value": 11.8,
        "currency": "GBP",
        "text": "£11.80"
      }
    },
    "objectId": "2687169",
    "brand": "Marc Jacobs",
    "attributes": {
      "fragrance_scent": [
        "citrus",
        "fruity"
      ],
      "gender": "womens",
      "StockOverrideMessage": "STOCK_COMING_SOON",
      "size": "21-30",
      "fragrance_type": "eau de parfum",
      "format": "spray",
      "recipient": "gifts for women",
      "hasPriceAdvantageDeal": false,
      "Reporting_Category": "fragrance",
      "gift_type": "fragrance gifts",
      "ProductReviewFlag": "1"
    },
    "variants": {
      "colours": [],
      "hasColours": false,
      "hasSizes": false
    },
    "categories": [
      [
        {
          "name": "fragrance",
          "label": "fragrance"
        },
        {
          "name": "gift",
          "label": "gift"
        }
      ],
      [
        {
          "name": "5* rated perfumes & aftershaves",
          "label": "fragrance > 5* rated perfumes & aftershaves"
        },
        {
          "name": "perfume",
          "label": "fragrance > perfume"
        },
        {
          "name": "recommended",
          "label": "fragrance > recommended"
        },
        {
          "name": "gifts for her",
          "label": "gift > gifts for her"
        }
      ],
      [
        {
          "name": "all perfumes",
          "label": "fragrance > perfume > all perfumes"
        },
        {
          "name": "trending fragrance",
          "label": "fragrance > recommended > trending fragrance"
        },
        {
          "name": "best summer fragrances",
          "label": "fragrance > recommended > best summer fragrances"
        },
        {
          "name": "best floral perfumes",
          "label": "fragrance > recommended > best floral perfumes"
        },
        {
          "name": "all perfumes",
          "label": "gift > gifts for her > all perfumes"
        }
      ]
    ],
    "reviews": {
      "average": 4.57,
      "count": 1774,
      "rounded": 4
    },
    "parent": {
      "product": "2687168",
      "partNumber": "10313420.P",
      "model": "10313420",
      "manufacturerModel": "3068560"
    },
    "images": {
      "thumbnail": "https://boots.scene7.com/is/image/Boots/10313420?wid=45&hei=60&op_sharpen=1"
    },
    "offers": [
      {
        "text": "Save up to 20 percent on selected fragrances"
      }
    ],
    "actions": {},
    "iconUri": "https://boots.scene7.com/is/image/Boots/10313420?op_sharpen=1",
    "title": "Marc Jacobs Daisy Ever So Fresh Eau de Parfum 30ml",
    "referenceUri": "/marc-jacobs-daisy-ever-so-fresh-eau-de-parfum-30ml-10313420",
    "canAddToBasket": "yes",
    "opticians": false,
    "inStock": true,
    "expressDelivery": false,
    "hasOtherPromotion": true,
    "channelPromotionalTextMap": {
      "-1": [
        "Save up to 20 percent on selected fragrances"
      ],
      "-6": [
        "Save up to 20 percent on selected fragrances"
      ]
    },
    "adCardPoints": 141
  },
  {
    "_id": {
      "$oid": "65ec108d9884656b92f55714"
    },
    "ppuQuantity": "100ML",
    "pricing": {
      "perUnit": "£77.60 per 100ML",
      "regular": {
        "value": 97,
        "currency": "GBP",
        "text": "£97.00"
      },
      "current": {
        "value": 77.6,
        "currency": "GBP",
        "text": "£77.60"
      },
      "saving": {
        "value": 19.4,
        "currency": "GBP",
        "text": "£19.40"
      }
    },
    "objectId": "2144517",
    "brand": "Marc Jacobs",
    "attributes": {
      "fragrance_scent": "fruity",
      "product_type": [
        "body spray",
        "body spray"
      ],
      "StockOverrideMessage": "STOCK_COMING_SOON",
      "gender": "womens",
      "size": "71-100",
      "format": "spray",
      "fragrance_type": "eau de toilette",
      "recipient": "gifts for women",
      "hasPriceAdvantageDeal": false,
      "Reporting_Category": "fragrance",
      "gift_type": "fragrance gifts",
      "ProductReviewFlag": "1"
    },
    "variants": {
      "colours": [],
      "hasColours": false,
      "hasSizes": false
    },
    "categories": [
      [
        {
          "name": "gift",
          "label": "gift"
        },
        {
          "name": "fragrance",
          "label": "fragrance"
        }
      ],
      [
        {
          "name": "Eid gifts",
          "label": "gift > Eid gifts"
        },
        {
          "name": "perfume",
          "label": "fragrance > perfume"
        },
        {
          "name": "fragrance offers",
          "label": "fragrance > fragrance offers"
        },
        {
          "name": "gifts for her",
          "label": "gift > gifts for her"
        },
        {
          "name": "birthday gifts",
          "label": "gift > birthday gifts"
        }
      ],
      [
        {
          "name": "all perfumes",
          "label": "fragrance > perfume > all perfumes"
        },
        {
          "name": "floral perfume",
          "label": "fragrance > perfume > floral perfume"
        },
        {
          "name": "Collect £10 worth of points when you spend £60",
          "label": "fragrance > fragrance offers > Collect £10 worth of points when you spend £60"
        },
        {
          "name": "Save 15% on 100s of fragrances",
          "label": "fragrance > fragrance offers > Save 15% on 100s of fragrances"
        },
        {
          "name": "all perfumes",
          "label": "gift > gifts for her > all perfumes"
        }
      ]
    ],
    "reviews": {
      "average": 4.74,
      "count": 2996,
      "rounded": 4
    },
    "parent": {
      "product": "2144516",
      "partNumber": "10250013.P",
      "model": "10250013",
      "manufacturerModel": "8204365"
    },
    "images": {
      "thumbnail": "https://boots.scene7.com/is/image/Boots/10250013?wid=45&hei=60&op_sharpen=1"
    },
    "offers": [
      {
        "text": "Save up to 20 percent on selected fragrances"
      }
    ],
    "actions": {},
    "iconUri": "https://boots.scene7.com/is/image/Boots/10250013?op_sharpen=1",
    "title": "Marc Jacobs Daisy Love Eau de Toilette 100ml",
    "referenceUri": "/marc-jacobs-daisy-love-eau-de-toilette-spray-100ml-10250013",
    "canAddToBasket": "yes",
    "opticians": false,
    "inStock": true,
    "expressDelivery": false,
    "hasOtherPromotion": true,
    "channelPromotionalTextMap": {
      "-1": [
        "Save up to 20 percent on selected fragrances"
      ],
      "-6": [
        "Save up to 20 percent on selected fragrances"
      ]
    },
    "adCardPoints": 231
  },
  {
    "_id": {
      "$oid": "65ec108d9884656b92f55715"
    },
    "ppuQuantity": null,
    "pricing": {
      "perUnit": "",
      "regular": {
        "value": 28,
        "currency": "GBP",
        "text": "£28.00"
      },
      "current": {
        "value": 22.4,
        "currency": "GBP",
        "text": "£22.40"
      },
      "saving": {
        "value": 5.6,
        "currency": "GBP",
        "text": "£5.60"
      }
    },
    "objectId": "2865095",
    "brand": "Marc Jacobs",
    "attributes": {
      "fragrance_scent": "floral",
      "gender": "womens",
      "size": "21-30",
      "StockOverrideMessage": "STOCK_COMING_SOON",
      "fragrance_type": "eau de toilette",
      "hasPriceAdvantageDeal": false,
      "ProductReviewFlag": "1"
    },
    "variants": {
      "colours": [],
      "hasColours": false,
      "hasSizes": false
    },
    "categories": [
      [
        {
          "name": "fragrance",
          "label": "fragrance"
        },
        {
          "name": "gift",
          "label": "gift"
        },
        {
          "name": "new in",
          "label": "new in"
        }
      ],
      [
        {
          "name": "perfume",
          "label": "fragrance > perfume"
        },
        {
          "name": "gifts for her",
          "label": "gift > gifts for her"
        },
        {
          "name": "luxury fragrance",
          "label": "fragrance > luxury fragrance"
        },
        {
          "name": "new in fragrance",
          "label": "fragrance > new in fragrance"
        },
        {
          "name": "brands",
          "label": "fragrance > brands"
        },
        {
          "name": "new in fragrance",
          "label": "new in > new in fragrance"
        }
      ],
      [
        {
          "name": "all perfumes",
          "label": "fragrance > perfume > all perfumes"
        },
        {
          "name": "floral perfume",
          "label": "fragrance > perfume > floral perfume"
        },
        {
          "name": "all perfumes",
          "label": "gift > gifts for her > all perfumes"
        }
      ]
    ],
    "reviews": {
      "average": 4.72,
      "count": 3144,
      "rounded": 4
    },
    "parent": {
      "product": "2865094",
      "partNumber": "10332263.P",
      "model": "10332263",
      "manufacturerModel": "5708389"
    },
    "images": {
      "thumbnail": "https://boots.scene7.com/is/image/Boots/10332263?wid=45&hei=60&op_sharpen=1"
    },
    "offers": [
      {
        "text": "Save up to 20 percent on selected fragrances"
      }
    ],
    "actions": {},
    "iconUri": "https://boots.scene7.com/is/image/Boots/10332263?op_sharpen=1",
    "title": "Marc Jacobs Daisy Drops Love for Women - 30 Capsules",
    "referenceUri": "/marc-jacobs-daisy-drops-love-for-women-30-capsules-10332263",
    "canAddToBasket": "yes",
    "opticians": false,
    "inStock": true,
    "expressDelivery": false,
    "hasOtherPromotion": true,
    "channelPromotionalTextMap": {
      "-1": [
        "Save up to 20 percent on selected fragrances"
      ],
      "-6": [
        "Save up to 20 percent on selected fragrances"
      ]
    },
    "adCardPoints": 66
  },
  {
    "_id": {
      "$oid": "65ec108d9884656b92f55716"
    },
    "ppuQuantity": "50ML",
    "pricing": {
      "perUnit": "£142.40 per 100ML",
      "regular": {
        "value": 89,
        "currency": "GBP",
        "text": "£89.00"
      },
      "current": {
        "value": 71.2,
        "currency": "GBP",
        "text": "£71.20"
      },
      "saving": {
        "value": 17.8,
        "currency": "GBP",
        "text": "£17.80"
      }
    },
    "objectId": "2456973",
    "brand": "Marc Jacobs",
    "attributes": {
      "fragrance_scent": "floral",
      "StockOverrideMessage": "STOCK_COMING_SOON",
      "gender": "womens",
      "size": "41-50",
      "fragrance_type": "eau de parfum",
      "format": "spray",
      "recipient": "gifts for women",
      "hasPriceAdvantageDeal": false,
      "Reporting_Category": "fragrance",
      "gift_type": "fragrance gifts",
      "ProductReviewFlag": "1"
    },
    "variants": {
      "colours": [],
      "hasColours": false,
      "hasSizes": false
    },
    "categories": [
      [
        {
          "name": "fragrance",
          "label": "fragrance"
        },
        {
          "name": "gift",
          "label": "gift"
        }
      ],
      [
        {
          "name": "5* rated perfumes & aftershaves",
          "label": "fragrance > 5* rated perfumes & aftershaves"
        },
        {
          "name": "perfume",
          "label": "fragrance > perfume"
        },
        {
          "name": "recommended",
          "label": "fragrance > recommended"
        },
        {
          "name": "gifts for her",
          "label": "gift > gifts for her"
        },
        {
          "name": "fragrance offers",
          "label": "fragrance > fragrance offers"
        }
      ],
      [
        {
          "name": "all perfumes",
          "label": "fragrance > perfume > all perfumes"
        },
        {
          "name": "floral perfume",
          "label": "fragrance > perfume > floral perfume"
        },
        {
          "name": "unisex fragrance",
          "label": "fragrance > recommended > unisex fragrance"
        },
        {
          "name": "all perfumes",
          "label": "gift > gifts for her > all perfumes"
        }
      ]
    ],
    "reviews": {
      "average": 4.63,
      "count": 2356,
      "rounded": 4
    },
    "parent": {
      "product": "2456972",
      "partNumber": "10288339.P",
      "model": "10288339",
      "manufacturerModel": "8861021"
    },
    "images": {
      "thumbnail": "https://boots.scene7.com/is/image/Boots/10288339?wid=45&hei=60&op_sharpen=1"
    },
    "offers": [
      {
        "text": "Free gift when you buy selected Marc Jacobs - while stocks last"
      },
      {
        "text": "Save up to 20 percent on selected fragrances"
      }
    ],
    "actions": {},
    "iconUri": "https://boots.scene7.com/is/image/Boots/10288339?op_sharpen=1",
    "title": "Marc Jacobs Perfect Eau de Parfum 50ml",
    "referenceUri": "/marc-jacobs-perfect-eau-de-parfum-50ml-10288339",
    "canAddToBasket": "yes",
    "opticians": false,
    "inStock": true,
    "expressDelivery": false,
    "hasOtherPromotion": true,
    "channelPromotionalTextMap": {
      "-1": [
        "Free gift when you buy selected Marc Jacobs - while stocks last",
        "Save up to 20 percent on selected fragrances"
      ],
      "-6": [
        "Free gift when you buy selected Marc Jacobs - while stocks last",
        "Save up to 20 percent on selected fragrances"
      ]
    },
    "adCardPoints": 213
  },
  {
    "_id": {
      "$oid": "65ec108d9884656b92f55717"
    },
    "ppuQuantity": "75ML",
    "pricing": {
      "perUnit": "£98.13 per 100ML",
      "regular": {
        "value": 92,
        "currency": "GBP",
        "text": "£92.00"
      },
      "current": {
        "value": 73.6,
        "currency": "GBP",
        "text": "£73.60"
      },
      "saving": {
        "value": 18.4,
        "currency": "GBP",
        "text": "£18.40"
      }
    },
    "objectId": "2687171",
    "brand": "Marc Jacobs",
    "attributes": {
      "fragrance_scent": [
        "citrus",
        "fruity"
      ],
      "gender": "womens",
      "StockOverrideMessage": "STOCK_COMING_SOON",
      "size": "71-100",
      "fragrance_type": "eau de parfum",
      "format": "spray",
      "recipient": "gifts for women",
      "hasPriceAdvantageDeal": false,
      "Reporting_Category": "fragrance",
      "gift_type": "fragrance gifts",
      "ProductReviewFlag": "1"
    },
    "variants": {
      "colours": [],
      "hasColours": false,
      "hasSizes": false
    },
    "categories": [
      [
        {
          "name": "fragrance",
          "label": "fragrance"
        },
        {
          "name": "gift",
          "label": "gift"
        }
      ],
      [
        {
          "name": "5* rated perfumes & aftershaves",
          "label": "fragrance > 5* rated perfumes & aftershaves"
        },
        {
          "name": "perfume",
          "label": "fragrance > perfume"
        },
        {
          "name": "recommended",
          "label": "fragrance > recommended"
        },
        {
          "name": "gifts for her",
          "label": "gift > gifts for her"
        }
      ],
      [
        {
          "name": "all perfumes",
          "label": "fragrance > perfume > all perfumes"
        },
        {
          "name": "trending fragrance",
          "label": "fragrance > recommended > trending fragrance"
        },
        {
          "name": "best summer fragrances",
          "label": "fragrance > recommended > best summer fragrances"
        },
        {
          "name": "best floral perfumes",
          "label": "fragrance > recommended > best floral perfumes"
        },
        {
          "name": "all perfumes",
          "label": "gift > gifts for her > all perfumes"
        }
      ]
    ],
    "reviews": {
      "average": 4.56,
      "count": 1766,
      "rounded": 4
    },
    "parent": {
      "product": "2687170",
      "partNumber": "10313421.P",
      "model": "10313421",
      "manufacturerModel": "3068579"
    },
    "images": {
      "thumbnail": "https://boots.scene7.com/is/image/Boots/10313421?wid=45&hei=60&op_sharpen=1"
    },
    "offers": [
      {
        "text": "Save up to 20 percent on selected fragrances"
      }
    ],
    "actions": {},
    "iconUri": "https://boots.scene7.com/is/image/Boots/10313421?op_sharpen=1",
    "title": "Marc Jacobs Daisy Ever So Fresh Eau de Parfum 75ml",
    "referenceUri": "/marc-jacobs-daisy-ever-so-fresh-eau-de-parfum-75ml-10313421",
    "canAddToBasket": "yes",
    "opticians": false,
    "inStock": true,
    "expressDelivery": false,
    "hasOtherPromotion": true,
    "channelPromotionalTextMap": {
      "-1": [
        "Save up to 20 percent on selected fragrances"
      ],
      "-6": [
        "Save up to 20 percent on selected fragrances"
      ]
    },
    "adCardPoints": 219
  },
  {
    "_id": {
      "$oid": "65ec108d9884656b92f55718"
    },
    "ppuQuantity": "100ML",
    "pricing": {
      "perUnit": "£92.00 per 100ML",
      "regular": {
        "value": 115,
        "currency": "GBP",
        "text": "£115.00"
      },
      "current": {
        "value": 92,
        "currency": "GBP",
        "text": "£92.00"
      },
      "saving": {
        "value": 23,
        "currency": "GBP",
        "text": "£23.00"
      }
    },
    "objectId": "2490433",
    "brand": "Marc Jacobs",
    "attributes": {
      "fragrance_scent": [
        "floral",
        "jasmine",
        "fruity"
      ],
      "size": "71-100",
      "gender": "womens",
      "recipient": "gifts for women",
      "fragrance_type": "eau de parfum",
      "format": "spray",
      "hasPriceAdvantageDeal": false,
      "Reporting_Category": "fragrance",
      "gift_type": "fragrance gifts",
      "ProductReviewFlag": "1"
    },
    "variants": {
      "colours": [],
      "hasColours": false,
      "hasSizes": false
    },
    "categories": [
      [
        {
          "name": "fragrance",
          "label": "fragrance"
        },
        {
          "name": "gift",
          "label": "gift"
        }
      ],
      [
        {
          "name": "fragrance offers",
          "label": "fragrance > fragrance offers"
        },
        {
          "name": "perfume",
          "label": "fragrance > perfume"
        },
        {
          "name": "gifts for her",
          "label": "gift > gifts for her"
        }
      ],
      [
        {
          "name": "all perfumes",
          "label": "fragrance > perfume > all perfumes"
        },
        {
          "name": "floral perfume",
          "label": "fragrance > perfume > floral perfume"
        },
        {
          "name": "all perfumes",
          "label": "gift > gifts for her > all perfumes"
        }
      ]
    ],
    "reviews": {
      "average": 4.4,
      "count": 976,
      "rounded": 4
    },
    "parent": {
      "product": "2490432",
      "partNumber": "10291020.P",
      "model": "10291020",
      "manufacturerModel": "2485826"
    },
    "images": {
      "thumbnail": "https://boots.scene7.com/is/image/Boots/10291020?wid=45&hei=60&op_sharpen=1"
    },
    "offers": [
      {
        "text": "Save up to 20 percent on selected fragrances"
      }
    ],
    "actions": {},
    "iconUri": "https://boots.scene7.com/is/image/Boots/10291020?op_sharpen=1",
    "title": "Marc Jacobs Daisy Eau So Intense Eau de Parfum 100ml",
    "referenceUri": "/marc-jacobs-daisy-intense-eau-de-parfum-100ml-10291020",
    "canAddToBasket": "yes",
    "opticians": false,
    "inStock": true,
    "expressDelivery": false,
    "hasOtherPromotion": true,
    "channelPromotionalTextMap": {
      "-1": [
        "Save up to 20 percent on selected fragrances"
      ],
      "-6": [
        "Save up to 20 percent on selected fragrances"
      ]
    },
    "adCardPoints": 276
  },
  {
    "_id": {
      "$oid": "65ec108d9884656b92f55719"
    },
    "ppuQuantity": "50ML",
    "pricing": {
      "perUnit": "£116.80 per 100ML",
      "regular": {
        "value": 73,
        "currency": "GBP",
        "text": "£73.00"
      },
      "current": {
        "value": 58.4,
        "currency": "GBP",
        "text": "£58.40"
      },
      "saving": {
        "value": 14.6,
        "currency": "GBP",
        "text": "£14.60"
      }
    },
    "objectId": "2288538",
    "brand": "Marc Jacobs",
    "attributes": {
      "fragrance_scent": [
        "floral",
        "sweet"
      ],
      "product_type": [
        "body spray",
        "body spray"
      ],
      "StockOverrideMessage": "STOCK_COMING_SOON",
      "gender": "womens",
      "size": "41-50",
      "format": "spray",
      "fragrance_type": "eau de toilette",
      "recipient": "gifts for women",
      "hasPriceAdvantageDeal": false,
      "Reporting_Category": "fragrance",
      "gift_type": "fragrance gifts",
      "ProductReviewFlag": "1"
    },
    "variants": {
      "colours": [],
      "hasColours": false,
      "hasSizes": false
    },
    "categories": [
      [
        {
          "name": "fragrance",
          "label": "fragrance"
        },
        {
          "name": "gift",
          "label": "gift"
        }
      ],
      [
        {
          "name": "fragrance offers",
          "label": "fragrance > fragrance offers"
        },
        {
          "name": "perfume",
          "label": "fragrance > perfume"
        },
        {
          "name": "gifts for her",
          "label": "gift > gifts for her"
        }
      ],
      [
        {
          "name": "all perfumes",
          "label": "fragrance > perfume > all perfumes"
        },
        {
          "name": "floral perfume",
          "label": "fragrance > perfume > floral perfume"
        },
        {
          "name": "Save 15% on 100s of fragrances",
          "label": "fragrance > fragrance offers > Save 15% on 100s of fragrances"
        },
        {
          "name": "all perfumes",
          "label": "gift > gifts for her > all perfumes"
        }
      ]
    ],
    "reviews": {
      "average": 4.75,
      "count": 285,
      "rounded": 4
    },
    "parent": {
      "product": "2288537",
      "partNumber": "10266230.P",
      "model": "10266230",
      "manufacturerModel": "8551839"
    },
    "images": {
      "thumbnail": "https://boots.scene7.com/is/image/Boots/10266230?wid=45&hei=60&op_sharpen=1"
    },
    "offers": [
      {
        "text": "Save up to 20 percent on selected fragrances"
      }
    ],
    "actions": {},
    "iconUri": "https://boots.scene7.com/is/image/Boots/10266230?op_sharpen=1",
    "title": "Marc Jacobs Daisy Love Eau so Sweet Eau de Toilette 50ml",
    "referenceUri": "/marc-jacobs-daisy-love-eau-so-sweet-eau-de-toilette-50ml-10266230",
    "canAddToBasket": "yes",
    "opticians": false,
    "inStock": true,
    "expressDelivery": false,
    "hasOtherPromotion": true,
    "channelPromotionalTextMap": {
      "-1": [
        "Save up to 20 percent on selected fragrances"
      ],
      "-6": [
        "Save up to 20 percent on selected fragrances"
      ]
    },
    "adCardPoints": 174
  },
  {
    "_id": {
      "$oid": "65ec108d9884656b92f5571a"
    },
    "ppuQuantity": "50ML",
    "pricing": {
      "perUnit": "£128.00 per 100ML",
      "regular": {
        "value": 80,
        "currency": "GBP",
        "text": "£80.00"
      },
      "current": {
        "value": 64,
        "currency": "GBP",
        "text": "£64.00"
      },
      "saving": {
        "value": 16,
        "currency": "GBP",
        "text": "£16.00"
      }
    },
    "objectId": "2788252",
    "brand": "Marc Jacobs",
    "attributes": {
      "fragrance_scent": "floral",
      "StockOverrideMessage": "STOCK_COMING_SOON",
      "gender": "womens",
      "size": "41-50",
      "format": "spray",
      "fragrance_type": "eau de toilette",
      "recipient": "gifts for women",
      "hasPriceAdvantageDeal": false,
      "gift_type": "fragrance gifts",
      "ProductReviewFlag": "1"
    },
    "variants": {
      "colours": [],
      "hasColours": false,
      "hasSizes": false
    },
    "categories": [
      [
        {
          "name": "fragrance",
          "label": "fragrance"
        },
        {
          "name": "gift",
          "label": "gift"
        }
      ],
      [
        {
          "name": "brands",
          "label": "fragrance > brands"
        },
        {
          "name": "perfume",
          "label": "fragrance > perfume"
        },
        {
          "name": "recommended",
          "label": "fragrance > recommended"
        },
        {
          "name": "gifts for her",
          "label": "gift > gifts for her"
        },
        {
          "name": "luxury fragrance",
          "label": "fragrance > luxury fragrance"
        }
      ],
      [
        {
          "name": "all perfumes",
          "label": "fragrance > perfume > all perfumes"
        },
        {
          "name": "floral perfume",
          "label": "fragrance > perfume > floral perfume"
        },
        {
          "name": "unisex fragrance",
          "label": "fragrance > recommended > unisex fragrance"
        },
        {
          "name": "all perfumes",
          "label": "gift > gifts for her > all perfumes"
        }
      ]
    ],
    "reviews": {
      "average": 4.41,
      "count": 784,
      "rounded": 4
    },
    "parent": {
      "product": "2788251",
      "partNumber": "10323580.P",
      "model": "10323580",
      "manufacturerModel": "5283841"
    },
    "images": {
      "thumbnail": "https://boots.scene7.com/is/image/Boots/10323580?wid=45&hei=60&op_sharpen=1"
    },
    "offers": [
      {
        "text": "Free gift when you buy selected Marc Jacobs - while stocks last"
      },
      {
        "text": "Save up to 20 percent on selected fragrances"
      }
    ],
    "actions": {},
    "iconUri": "https://boots.scene7.com/is/image/Boots/10323580?op_sharpen=1",
    "title": "Marc Jacobs Perfect Eau de Toilette 50ml",
    "referenceUri": "/marc-jacobs-perfect-for-women-eau-de-toilette-50ml-10323580",
    "canAddToBasket": "yes",
    "opticians": false,
    "inStock": true,
    "expressDelivery": false,
    "hasOtherPromotion": true,
    "channelPromotionalTextMap": {
      "-1": [
        "Free gift when you buy selected Marc Jacobs - while stocks last",
        "Save up to 20 percent on selected fragrances"
      ],
      "-6": [
        "Free gift when you buy selected Marc Jacobs - while stocks last",
        "Save up to 20 percent on selected fragrances"
      ]
    },
    "adCardPoints": 192
  },
  {
    "_id": {
      "$oid": "65ec108d9884656b92f5571b"
    },
    "ppuQuantity": "50ML",
    "pricing": {
      "perUnit": "£155.20 per 100ML",
      "regular": {
        "value": 97,
        "currency": "GBP",
        "text": "£97.00"
      },
      "current": {
        "value": 77.6,
        "currency": "GBP",
        "text": "£77.60"
      },
      "saving": {
        "value": 19.4,
        "currency": "GBP",
        "text": "£19.40"
      }
    },
    "objectId": "2587195",
    "brand": "Marc Jacobs",
    "attributes": {
      "fragrance_scent": "floral",
      "gender": "womens",
      "StockOverrideMessage": "STOCK_COMING_SOON",
      "size": "41-50",
      "fragrance_type": "eau de parfum",
      "format": "spray",
      "recipient": "gifts for women",
      "hasPriceAdvantageDeal": false,
      "Reporting_Category": "fragrance",
      "gift_type": "fragrance gifts",
      "ProductReviewFlag": "1"
    },
    "variants": {
      "colours": [],
      "hasColours": false,
      "hasSizes": false
    },
    "categories": [
      [
        {
          "name": "mother's day",
          "label": "mother's day"
        },
        {
          "name": "fragrance",
          "label": "fragrance"
        },
        {
          "name": "gift",
          "label": "gift"
        }
      ],
      [
        {
          "name": "shop all",
          "label": "mother's day > shop all"
        },
        {
          "name": "perfume",
          "label": "fragrance > perfume"
        },
        {
          "name": "recommended",
          "label": "fragrance > recommended"
        },
        {
          "name": "gifts for her",
          "label": "gift > gifts for her"
        }
      ],
      [
        {
          "name": "all perfumes",
          "label": "fragrance > perfume > all perfumes"
        },
        {
          "name": "floral perfume",
          "label": "fragrance > perfume > floral perfume"
        },
        {
          "name": "unisex fragrance",
          "label": "fragrance > recommended > unisex fragrance"
        },
        {
          "name": "all perfumes",
          "label": "gift > gifts for her > all perfumes"
        }
      ]
    ],
    "reviews": {
      "average": 4.47,
      "count": 1087,
      "rounded": 4
    },
    "parent": {
      "product": "2587194",
      "partNumber": "10300300.P",
      "model": "10300300",
      "manufacturerModel": "5094755"
    },
    "images": {
      "thumbnail": "https://boots.scene7.com/is/image/Boots/10300300?wid=45&hei=60&op_sharpen=1"
    },
    "offers": [
      {
        "text": "Free gift when you buy selected Marc Jacobs - while stocks last"
      },
      {
        "text": "Save 20 percent on selected fragrance"
      }
    ],
    "actions": {},
    "iconUri": "https://boots.scene7.com/is/image/Boots/10300300?op_sharpen=1",
    "title": "Perfect Intense Marc Jacobs Eau de Parfum 50ml",
    "referenceUri": "/marc-jacobs-perfect-intense-eau-de-parfum-50ml-10300300",
    "canAddToBasket": "yes",
    "opticians": false,
    "inStock": true,
    "expressDelivery": false,
    "hasOtherPromotion": true,
    "channelPromotionalTextMap": {
      "-1": [
        "Free gift when you buy selected Marc Jacobs - while stocks last",
        "Save 20 percent on selected fragrance"
      ],
      "-6": [
        "Free gift when you buy selected Marc Jacobs - while stocks last",
        "Save 20 percent on selected fragrance"
      ]
    },
    "adCardPoints": 231
  },
  {
    "_id": {
      "$oid": "65ec108d9884656b92f5571c"
    },
    "ppuQuantity": "30ML",
    "pricing": {
      "perUnit": "£170.67 per 100ML",
      "regular": {
        "value": 64,
        "currency": "GBP",
        "text": "£64.00"
      },
      "current": {
        "value": 51.2,
        "currency": "GBP",
        "text": "£51.20"
      },
      "saving": {
        "value": 12.8,
        "currency": "GBP",
        "text": "£12.80"
      }
    },
    "objectId": "2487988",
    "brand": "Marc Jacobs",
    "attributes": {
      "fragrance_scent": [
        "fruity",
        "jasmine",
        "floral"
      ],
      "StockOverrideMessage": "STOCK_COMING_SOON",
      "gender": "womens",
      "size": "21-30",
      "format": "spray",
      "fragrance_type": "eau de parfum",
      "recipient": "gifts for women",
      "hasPriceAdvantageDeal": false,
      "Reporting_Category": "fragrance",
      "gift_type": "fragrance gifts",
      "ProductReviewFlag": "1"
    },
    "variants": {
      "colours": [],
      "hasColours": false,
      "hasSizes": false
    },
    "categories": [
      [
        {
          "name": "fragrance",
          "label": "fragrance"
        },
        {
          "name": "gift",
          "label": "gift"
        }
      ],
      [
        {
          "name": "perfume",
          "label": "fragrance > perfume"
        },
        {
          "name": "gifts for her",
          "label": "gift > gifts for her"
        }
      ],
      [
        {
          "name": "all perfumes",
          "label": "fragrance > perfume > all perfumes"
        },
        {
          "name": "floral perfume",
          "label": "fragrance > perfume > floral perfume"
        },
        {
          "name": "all perfumes",
          "label": "gift > gifts for her > all perfumes"
        }
      ]
    ],
    "reviews": {
      "average": 4.4,
      "count": 978,
      "rounded": 4
    },
    "parent": {
      "product": "2487987",
      "partNumber": "10290734.P",
      "model": "10290734",
      "manufacturerModel": "2343576"
    },
    "images": {
      "thumbnail": "https://boots.scene7.com/is/image/Boots/10290734?wid=45&hei=60&op_sharpen=1"
    },
    "offers": [
      {
        "text": "Save up to 20 percent on selected fragrances"
      }
    ],
    "actions": {},
    "iconUri": "https://boots.scene7.com/is/image/Boots/10290734?op_sharpen=1",
    "title": "Marc Jacobs Daisy Eau So Intense Eau de Parfum 30ml",
    "referenceUri": "/daisy-marc-jacobs-eau-so-intense-eau-de-parfum-30ml-10290734",
    "canAddToBasket": "yes",
    "opticians": false,
    "inStock": true,
    "expressDelivery": false,
    "hasOtherPromotion": true,
    "channelPromotionalTextMap": {
      "-1": [
        "Save up to 20 percent on selected fragrances"
      ],
      "-6": [
        "Save up to 20 percent on selected fragrances"
      ]
    },
    "adCardPoints": 153
  },
  {
    "_id": {
      "$oid": "65ec108d9884656b92f5571d"
    },
    "ppuQuantity": "50ML",
    "pricing": {
      "perUnit": "£136.00 per 100ML",
      "regular": {
        "value": 85,
        "currency": "GBP",
        "text": "£85.00"
      },
      "current": {
        "value": 68,
        "currency": "GBP",
        "text": "£68.00"
      },
      "saving": {
        "value": 17,
        "currency": "GBP",
        "text": "£17.00"
      }
    },
    "objectId": "1716910",
    "brand": "Marc Jacobs",
    "attributes": {
      "fragrance_scent": [
        "fruity",
        "floral",
        "sweet"
      ],
      "StockOverrideMessage": "STOCK_COMING_SOON",
      "gender": "womens",
      "parentCategory_UK": "33071",
      "format": "spray",
      "fragrance_type": "eau de parfum",
      "Reporting_Category": "fragrance",
      "gift_type": "fragrance gifts",
      "product_type": [
        "body spray",
        "body spray"
      ],
      "size": "41-50",
      "recipient": "gifts for women",
      "hasPriceAdvantageDeal": false,
      "ProductReviewFlag": "1"
    },
    "variants": {
      "colours": [],
      "hasColours": false,
      "hasSizes": false
    },
    "categories": [
      [
        {
          "name": "gift",
          "label": "gift"
        },
        {
          "name": "fragrance",
          "label": "fragrance"
        }
      ],
      [
        {
          "name": "all gifts",
          "label": "gift > all gifts"
        },
        {
          "name": "perfume",
          "label": "fragrance > perfume"
        },
        {
          "name": "fragrance offers",
          "label": "fragrance > fragrance offers"
        },
        {
          "name": "gifts for her",
          "label": "gift > gifts for her"
        },
        {
          "name": "5* rated perfumes & aftershaves",
          "label": "fragrance > 5* rated perfumes & aftershaves"
        }
      ],
      [
        {
          "name": "all perfumes",
          "label": "fragrance > perfume > all perfumes"
        },
        {
          "name": "floral perfume",
          "label": "fragrance > perfume > floral perfume"
        },
        {
          "name": "black friday fragrance offers",
          "label": "fragrance > fragrance offers > black friday fragrance offers"
        },
        {
          "name": "Save 15% on 100s of fragrances",
          "label": "fragrance > fragrance offers > Save 15% on 100s of fragrances"
        },
        {
          "name": "all perfumes",
          "label": "gift > gifts for her > all perfumes"
        }
      ]
    ],
    "reviews": {
      "average": 4.67,
      "count": 487,
      "rounded": 4
    },
    "parent": {
      "product": "1716909",
      "partNumber": "10200012.P",
      "model": "10200012",
      "manufacturerModel": "6291546"
    },
    "images": {
      "thumbnail": "https://boots.scene7.com/is/image/Boots/10200012?wid=45&hei=60&op_sharpen=1"
    },
    "offers": [
      {
        "text": "Save up to 20 percent on selected fragrances"
      }
    ],
    "actions": {},
    "iconUri": "https://boots.scene7.com/is/image/Boots/10200012?op_sharpen=1",
    "title": "Marc Jacobs Daisy Dream Forever Eau de Parfum 50ml",
    "referenceUri": "/marc-jacobs-daisy-dream-forever-eau-de-parfum-50ml-10200012",
    "canAddToBasket": "yes",
    "opticians": false,
    "inStock": true,
    "expressDelivery": false,
    "hasOtherPromotion": true,
    "channelPromotionalTextMap": {
      "-1": [
        "Save up to 20 percent on selected fragrances"
      ],
      "-6": [
        "Save up to 20 percent on selected fragrances"
      ]
    },
    "adCardPoints": 204
  },
  {
    "_id": {
      "$oid": "65ec108d9884656b92f5571e"
    },
    "ppuQuantity": "30ML",
    "pricing": {
      "perUnit": "£168.00 per 100ML",
      "regular": {
        "value": 63,
        "currency": "GBP",
        "text": "£63.00"
      },
      "current": {
        "value": 50.4,
        "currency": "GBP",
        "text": "£50.40"
      },
      "saving": {
        "value": 12.6,
        "currency": "GBP",
        "text": "£12.60"
      }
    },
    "objectId": "2593603",
    "brand": "Marc Jacobs",
    "attributes": {
      "fragrance_scent": "floral",
      "StockOverrideMessage": "STOCK_COMING_SOON",
      "gender": "womens",
      "format": "spray",
      "fragrance_type": "eau de parfum",
      "Reporting_Category": "fragrance",
      "gift_type": "fragrance gifts",
      "body_area": "body",
      "size": "21-30",
      "recipient": "gifts for women",
      "hasPriceAdvantageDeal": false,
      "ProductReviewFlag": "1"
    },
    "variants": {
      "colours": [],
      "hasColours": false,
      "hasSizes": false
    },
    "categories": [
      [
        {
          "name": "gift",
          "label": "gift"
        },
        {
          "name": "fragrance",
          "label": "fragrance"
        }
      ],
      [
        {
          "name": "Eid gifts",
          "label": "gift > Eid gifts"
        },
        {
          "name": "perfume",
          "label": "fragrance > perfume"
        },
        {
          "name": "recommended",
          "label": "fragrance > recommended"
        },
        {
          "name": "gifts for her",
          "label": "gift > gifts for her"
        },
        {
          "name": "luxury fragrance",
          "label": "fragrance > luxury fragrance"
        },
        {
          "name": "5* rated perfumes & aftershaves",
          "label": "fragrance > 5* rated perfumes & aftershaves"
        }
      ],
      [
        {
          "name": "all perfumes",
          "label": "fragrance > perfume > all perfumes"
        },
        {
          "name": "unisex fragrance",
          "label": "fragrance > recommended > unisex fragrance"
        },
        {
          "name": "all perfumes",
          "label": "gift > gifts for her > all perfumes"
        }
      ]
    ],
    "reviews": {
      "average": 4.63,
      "count": 2356,
      "rounded": 4
    },
    "parent": {
      "product": "2593602",
      "partNumber": "10300873.P",
      "model": "10300873",
      "manufacturerModel": "5520053"
    },
    "images": {
      "thumbnail": "https://boots.scene7.com/is/image/Boots/10300873?wid=45&hei=60&op_sharpen=1"
    },
    "offers": [
      {
        "text": "Save up to 20 percent on selected fragrances"
      }
    ],
    "actions": {},
    "iconUri": "https://boots.scene7.com/is/image/Boots/10300873?op_sharpen=1",
    "title": "Marc Jacobs Perfect Eau de Parfum 30ml",
    "referenceUri": "/marc-jacobs-perfect-eau-de-parfum-30ml-10300873",
    "canAddToBasket": "yes",
    "opticians": false,
    "inStock": true,
    "expressDelivery": false,
    "hasOtherPromotion": true,
    "channelPromotionalTextMap": {
      "-1": [
        "Save up to 20 percent on selected fragrances"
      ],
      "-6": [
        "Save up to 20 percent on selected fragrances"
      ]
    },
    "adCardPoints": 150
  },
  {
    "_id": {
      "$oid": "65ec108d9884656b92f5571f"
    },
    "ppuQuantity": "100ML",
    "pricing": {
      "perUnit": "£100.00 per 100ML",
      "regular": {
        "value": 125,
        "currency": "GBP",
        "text": "£125.00"
      },
      "current": {
        "value": 100,
        "currency": "GBP",
        "text": "£100.00"
      },
      "saving": {
        "value": 25,
        "currency": "GBP",
        "text": "£25.00"
      }
    },
    "objectId": "2587197",
    "brand": "Marc Jacobs",
    "attributes": {
      "fragrance_scent": "floral",
      "gender": "womens",
      "StockOverrideMessage": "STOCK_COMING_SOON",
      "fragrance_type": "eau de parfum",
      "format": "spray",
      "Reporting_Category": "fragrance",
      "gift_type": [
        "fragrance gift sets",
        "fragrance gifts"
      ],
      "product_type": "gift set",
      "size": "71-100",
      "recipient": "gifts for women",
      "hasPriceAdvantageDeal": false,
      "ProductReviewFlag": "1"
    },
    "variants": {
      "colours": [],
      "hasColours": false,
      "hasSizes": false
    },
    "categories": [
      [
        {
          "name": "gift",
          "label": "gift"
        },
        {
          "name": "fragrance",
          "label": "fragrance"
        }
      ],
      [
        {
          "name": "Eid gifts",
          "label": "gift > Eid gifts"
        },
        {
          "name": "perfume",
          "label": "fragrance > perfume"
        },
        {
          "name": "recommended",
          "label": "fragrance > recommended"
        },
        {
          "name": "gifts for her",
          "label": "gift > gifts for her"
        }
      ],
      [
        {
          "name": "all perfumes",
          "label": "fragrance > perfume > all perfumes"
        },
        {
          "name": "floral perfume",
          "label": "fragrance > perfume > floral perfume"
        },
        {
          "name": "unisex fragrance",
          "label": "fragrance > recommended > unisex fragrance"
        },
        {
          "name": "all perfumes",
          "label": "gift > gifts for her > all perfumes"
        }
      ]
    ],
    "reviews": {
      "average": 4.47,
      "count": 1087,
      "rounded": 4
    },
    "parent": {
      "product": "2587196",
      "partNumber": "10300301.P",
      "model": "10300301",
      "manufacturerModel": "5095212"
    },
    "images": {
      "thumbnail": "https://boots.scene7.com/is/image/Boots/10300301?wid=45&hei=60&op_sharpen=1"
    },
    "offers": [
      {
        "text": "Free gift when you buy selected Marc Jacobs - while stocks last"
      },
      {
        "text": "Save up to 20 percent on selected fragrances"
      }
    ],
    "actions": {},
    "iconUri": "https://boots.scene7.com/is/image/Boots/10300301?op_sharpen=1",
    "title": "Perfect Intense Marc Jacobs Eau de Parfum 100ml",
    "referenceUri": "/marc-jacobs-perfect-intense-eau-de-parfum-100ml-10300301",
    "canAddToBasket": "yes",
    "opticians": false,
    "inStock": true,
    "expressDelivery": false,
    "hasOtherPromotion": true,
    "channelPromotionalTextMap": {
      "-1": [
        "Free gift when you buy selected Marc Jacobs - while stocks last",
        "Save up to 20 percent on selected fragrances"
      ],
      "-6": [
        "Free gift when you buy selected Marc Jacobs - while stocks last",
        "Save up to 20 percent on selected fragrances"
      ]
    },
    "adCardPoints": 300
  },
  {
    "_id": {
      "$oid": "65ec108d9884656b92f55720"
    },
    "ppuQuantity": "50ML",
    "pricing": {
      "perUnit": "£136.00 per 100ML",
      "regular": {
        "value": 85,
        "currency": "GBP",
        "text": "£85.00"
      },
      "current": {
        "value": 68,
        "currency": "GBP",
        "text": "£68.00"
      },
      "saving": {
        "value": 17,
        "currency": "GBP",
        "text": "£17.00"
      }
    },
    "objectId": "2487990",
    "brand": "Marc Jacobs",
    "attributes": {
      "fragrance_scent": [
        "jasmine",
        "fruity",
        "floral",
        "floral"
      ],
      "gender": "womens",
      "StockOverrideMessage": "STOCK_COMING_SOON",
      "size": "41-50",
      "fragrance_type": "eau de parfum",
      "format": "spray",
      "recipient": "gifts for women",
      "hasPriceAdvantageDeal": false,
      "Reporting_Category": "fragrance",
      "gift_type": "fragrance gifts",
      "ProductReviewFlag": "1"
    },
    "variants": {
      "colours": [],
      "hasColours": false,
      "hasSizes": false
    },
    "categories": [
      [
        {
          "name": "fragrance",
          "label": "fragrance"
        },
        {
          "name": "gift",
          "label": "gift"
        }
      ],
      [
        {
          "name": "fragrance offers",
          "label": "fragrance > fragrance offers"
        },
        {
          "name": "perfume",
          "label": "fragrance > perfume"
        },
        {
          "name": "gifts for her",
          "label": "gift > gifts for her"
        }
      ],
      [
        {
          "name": "all perfumes",
          "label": "fragrance > perfume > all perfumes"
        },
        {
          "name": "floral perfume",
          "label": "fragrance > perfume > floral perfume"
        },
        {
          "name": "all perfumes",
          "label": "gift > gifts for her > all perfumes"
        }
      ]
    ],
    "reviews": {
      "average": 4.4,
      "count": 978,
      "rounded": 4
    },
    "parent": {
      "product": "2487989",
      "partNumber": "10290735.P",
      "model": "10290735",
      "manufacturerModel": "2343584"
    },
    "images": {
      "thumbnail": "https://boots.scene7.com/is/image/Boots/10290735?wid=45&hei=60&op_sharpen=1"
    },
    "offers": [
      {
        "text": "Save up to 20 percent on selected fragrances"
      }
    ],
    "actions": {},
    "iconUri": "https://boots.scene7.com/is/image/Boots/10290735?op_sharpen=1",
    "title": "Marc Jacobs Daisy Eau So Intense Eau de Parfum 50ml",
    "referenceUri": "/daisy-marc-jacobs-eau-so-intense-eau-de-parfum-50ml-10290735",
    "canAddToBasket": "yes",
    "opticians": false,
    "inStock": true,
    "expressDelivery": false,
    "hasOtherPromotion": true,
    "channelPromotionalTextMap": {
      "-1": [
        "Save up to 20 percent on selected fragrances"
      ],
      "-6": [
        "Save up to 20 percent on selected fragrances"
      ]
    },
    "adCardPoints": 204
  },
  {
    "_id": {
      "$oid": "65ec108d9884656b92f55721"
    },
    "ppuQuantity": "125ML",
    "pricing": {
      "perUnit": "£69.76 per 100ML",
      "regular": {
        "value": 109,
        "currency": "GBP",
        "text": "£109.00"
      },
      "current": {
        "value": 87.2,
        "currency": "GBP",
        "text": "£87.20"
      },
      "saving": {
        "value": 21.8,
        "currency": "GBP",
        "text": "£21.80"
      }
    },
    "objectId": "2687173",
    "brand": "Marc Jacobs",
    "attributes": {
      "fragrance_scent": [
        "citrus",
        "fruity"
      ],
      "gender": "womens",
      "StockOverrideMessage": "STOCK_COMING_SOON",
      "size": "101-150",
      "fragrance_type": "eau de parfum",
      "format": "spray",
      "recipient": "gifts for women",
      "hasPriceAdvantageDeal": false,
      "Reporting_Category": "fragrance",
      "gift_type": "fragrance gifts",
      "ProductReviewFlag": "1"
    },
    "variants": {
      "colours": [],
      "hasColours": false,
      "hasSizes": false
    },
    "categories": [
      [
        {
          "name": "fragrance",
          "label": "fragrance"
        },
        {
          "name": "gift",
          "label": "gift"
        }
      ],
      [
        {
          "name": "5* rated perfumes & aftershaves",
          "label": "fragrance > 5* rated perfumes & aftershaves"
        },
        {
          "name": "perfume",
          "label": "fragrance > perfume"
        },
        {
          "name": "gifts for her",
          "label": "gift > gifts for her"
        }
      ],
      [
        {
          "name": "all perfumes",
          "label": "fragrance > perfume > all perfumes"
        },
        {
          "name": "all perfumes",
          "label": "gift > gifts for her > all perfumes"
        }
      ]
    ],
    "reviews": {
      "average": 4.57,
      "count": 1768,
      "rounded": 4
    },
    "parent": {
      "product": "2687172",
      "partNumber": "10313422.P",
      "model": "10313422",
      "manufacturerModel": "3068609"
    },
    "images": {
      "thumbnail": "https://boots.scene7.com/is/image/Boots/10313422?wid=45&hei=60&op_sharpen=1"
    },
    "offers": [
      {
        "text": "Save up to 20 percent on selected fragrances"
      }
    ],
    "actions": {},
    "iconUri": "https://boots.scene7.com/is/image/Boots/10313422?op_sharpen=1",
    "title": "Marc Jacobs Daisy Ever So Fresh Eau de Parfum 125ml",
    "referenceUri": "/marc-jacobs-daisy-ever-so-fresh-eau-de-parfum-125ml-10313422",
    "canAddToBasket": "yes",
    "opticians": false,
    "inStock": true,
    "expressDelivery": false,
    "hasOtherPromotion": true,
    "channelPromotionalTextMap": {
      "-1": [
        "Save up to 20 percent on selected fragrances"
      ],
      "-6": [
        "Save up to 20 percent on selected fragrances"
      ]
    },
    "adCardPoints": 261
  },
  {
    "_id": {
      "$oid": "65ec108d9884656b92f55722"
    },
    "ppuQuantity": "100ML",
    "pricing": {
      "perUnit": "£83.20 per 100ML",
      "regular": {
        "value": 104,
        "currency": "GBP",
        "text": "£104.00"
      },
      "current": {
        "value": 83.2,
        "currency": "GBP",
        "text": "£83.20"
      },
      "saving": {
        "value": 20.8,
        "currency": "GBP",
        "text": "£20.80"
      }
    },
    "objectId": "2788256",
    "brand": "Marc Jacobs",
    "attributes": {
      "fragrance_scent": "floral",
      "StockOverrideMessage": "STOCK_COMING_SOON",
      "size": "71-100",
      "gender": "womens",
      "format": "spray",
      "fragrance_type": "eau de toilette",
      "recipient": "gifts for women",
      "hasPriceAdvantageDeal": false,
      "gift_type": "fragrance gifts",
      "ProductReviewFlag": "1"
    },
    "variants": {
      "colours": [],
      "hasColours": false,
      "hasSizes": false
    },
    "categories": [
      [
        {
          "name": "fragrance",
          "label": "fragrance"
        },
        {
          "name": "gift",
          "label": "gift"
        }
      ],
      [
        {
          "name": "brands",
          "label": "fragrance > brands"
        },
        {
          "name": "perfume",
          "label": "fragrance > perfume"
        },
        {
          "name": "recommended",
          "label": "fragrance > recommended"
        },
        {
          "name": "gifts for her",
          "label": "gift > gifts for her"
        },
        {
          "name": "luxury fragrance",
          "label": "fragrance > luxury fragrance"
        }
      ],
      [
        {
          "name": "all perfumes",
          "label": "fragrance > perfume > all perfumes"
        },
        {
          "name": "floral perfume",
          "label": "fragrance > perfume > floral perfume"
        },
        {
          "name": "unisex fragrance",
          "label": "fragrance > recommended > unisex fragrance"
        },
        {
          "name": "all perfumes",
          "label": "gift > gifts for her > all perfumes"
        }
      ]
    ],
    "reviews": {
      "average": 4.42,
      "count": 787,
      "rounded": 4
    },
    "parent": {
      "product": "2788255",
      "partNumber": "10323581.P",
      "model": "10323581",
      "manufacturerModel": "5283876"
    },
    "images": {
      "thumbnail": "https://boots.scene7.com/is/image/Boots/10323581?wid=45&hei=60&op_sharpen=1"
    },
    "offers": [
      {
        "text": "Free gift when you buy selected Marc Jacobs - while stocks last"
      },
      {
        "text": "Save up to 20 percent on selected fragrances"
      }
    ],
    "actions": {},
    "iconUri": "https://boots.scene7.com/is/image/Boots/10323581?op_sharpen=1",
    "title": "Marc Jacobs Perfect Eau de Toilette 100ml",
    "referenceUri": "/marc-jacobs-perfect-for-women-eau-de-toilette-100ml-10323581",
    "canAddToBasket": "yes",
    "opticians": false,
    "inStock": true,
    "expressDelivery": false,
    "hasOtherPromotion": true,
    "channelPromotionalTextMap": {
      "-1": [
        "Free gift when you buy selected Marc Jacobs - while stocks last",
        "Save up to 20 percent on selected fragrances"
      ],
      "-6": [
        "Free gift when you buy selected Marc Jacobs - while stocks last",
        "Save up to 20 percent on selected fragrances"
      ]
    },
    "adCardPoints": 249
  },
  {
    "_id": {
      "$oid": "65ec108d9884656b92f55723"
    },
    "ppuQuantity": "30ML",
    "pricing": {
      "perUnit": "£181.33 per 100ML",
      "regular": {
        "value": 68,
        "currency": "GBP",
        "text": "£68.00"
      },
      "current": {
        "value": 54.4,
        "currency": "GBP",
        "text": "£54.40"
      },
      "saving": {
        "value": 13.6,
        "currency": "GBP",
        "text": "£13.60"
      }
    },
    "objectId": "2579145",
    "brand": "Gucci",
    "attributes": {
      "fragrance_scent": "floral",
      "StockOverrideMessage": "STOCK_COMING_SOON",
      "gender": "womens",
      "size": "21-30",
      "recipient": "gifts for women",
      "fragrance_type": "eau de parfum",
      "hasPriceAdvantageDeal": false,
      "Reporting_Category": "fragrance",
      "gift_type": "fragrance gifts",
      "ProductReviewFlag": "1"
    },
    "variants": {
      "colours": [],
      "hasColours": false,
      "hasSizes": false
    },
    "categories": [
      [
        {
          "name": "gift",
          "label": "gift"
        },
        {
          "name": "fragrance",
          "label": "fragrance"
        }
      ],
      [
        {
          "name": "all gifts",
          "label": "gift > all gifts"
        },
        {
          "name": "perfume",
          "label": "fragrance > perfume"
        },
        {
          "name": "gifts for her",
          "label": "gift > gifts for her"
        },
        {
          "name": "5* rated perfumes & aftershaves",
          "label": "fragrance > 5* rated perfumes & aftershaves"
        }
      ],
      [
        {
          "name": "all perfumes",
          "label": "fragrance > perfume > all perfumes"
        },
        {
          "name": "floral perfume",
          "label": "fragrance > perfume > floral perfume"
        },
        {
          "name": "all perfumes",
          "label": "gift > gifts for her > all perfumes"
        }
      ]
    ],
    "reviews": {
      "average": 4.53,
      "count": 1545,
      "rounded": 4
    },
    "parent": {
      "product": "2579144",
      "partNumber": "10299777.P",
      "model": "10299777",
      "manufacturerModel": "4913620"
    },
    "images": {
      "thumbnail": "https://boots.scene7.com/is/image/Boots/10299777?wid=45&hei=60&op_sharpen=1"
    },
    "offers": [
      {
        "text": "Save up to 20 percent on selected fragrances"
      }
    ],
    "actions": {},
    "iconUri": "https://boots.scene7.com/is/image/Boots/10299777?op_sharpen=1",
    "title": "Gucci Flora Gorgeous Gardenia for Her Eau de Parfum 30ml",
    "referenceUri": "/gucci-flora-gorgeous-gardenia-eau-de-parfum-30ml-10299777",
    "canAddToBasket": "yes",
    "opticians": false,
    "inStock": true,
    "expressDelivery": false,
    "hasOtherPromotion": true,
    "channelPromotionalTextMap": {
      "-1": [
        "Save up to 20 percent on selected fragrances"
      ],
      "-6": [
        "Save up to 20 percent on selected fragrances"
      ]
    },
    "adCardPoints": 162
  },
  {
    "_id": {
      "$oid": "65ec108d9884656b92f55724"
    },
    "ppuQuantity": "50ML",
    "pricing": {
      "perUnit": "£99.98 per 100ML",
      "regular": {
        "value": 75,
        "currency": "GBP",
        "text": "£75.00"
      },
      "current": {
        "value": 49.99,
        "currency": "GBP",
        "text": "£49.99"
      },
      "saving": {
        "value": 25.01,
        "currency": "GBP",
        "text": "£25.01"
      }
    },
    "objectId": "3812",
    "brand": "Gucci",
    "attributes": {
      "fragrance_scent": [
        "spicy",
        "vanilla",
        "floral"
      ],
      "size": "41-50",
      "StockOverrideMessage": "SOLD_OUT",
      "gender": "womens",
      "Size": [
        "50 ml",
        "50ml"
      ],
      "parentCategory_UK": "33071",
      "fragrance_type": "eau de toilette",
      "hasPriceAdvantageDeal": false,
      "Reporting_Category": "fragrance",
      "ProductReviewFlag": "1"
    },
    "variants": {
      "colours": [],
      "hasColours": false,
      "hasSizes": false
    },
    "categories": [
      [
        {
          "name": "gift",
          "label": "gift"
        },
        {
          "name": "fragrance",
          "label": "fragrance"
        }
      ],
      [
        {
          "name": "all gifts",
          "label": "gift > all gifts"
        },
        {
          "name": "perfume",
          "label": "fragrance > perfume"
        },
        {
          "name": "fragrance offers",
          "label": "fragrance > fragrance offers"
        },
        {
          "name": "gifts for her",
          "label": "gift > gifts for her"
        },
        {
          "name": "5* rated perfumes & aftershaves",
          "label": "fragrance > 5* rated perfumes & aftershaves"
        }
      ],
      [
        {
          "name": "all perfumes",
          "label": "fragrance > perfume > all perfumes"
        },
        {
          "name": "vanilla perfume",
          "label": "fragrance > perfume > vanilla perfume"
        },
        {
          "name": "floral perfume",
          "label": "fragrance > perfume > floral perfume"
        },
        {
          "name": "save up to half price",
          "label": "fragrance > fragrance offers > save up to half price"
        },
        {
          "name": "save up to 60 percent",
          "label": "fragrance > fragrance offers > save up to 60 percent"
        },
        {
          "name": "save up to 20% on fragrance",
          "label": "fragrance > fragrance offers > save up to 20% on fragrance"
        },
        {
          "name": "Save 15% on 100s of fragrances",
          "label": "fragrance > fragrance offers > Save 15% on 100s of fragrances"
        },
        {
          "name": "all perfumes",
          "label": "gift > gifts for her > all perfumes"
        }
      ]
    ],
    "reviews": {
      "average": 4.79,
      "count": 134,
      "rounded": 4
    },
    "parent": {
      "product": "3811",
      "partNumber": "10013273.P",
      "model": "10013273",
      "manufacturerModel": "1907328"
    },
    "images": {
      "thumbnail": "https://boots.scene7.com/is/image/Boots/10013273?wid=45&hei=60&op_sharpen=1"
    },
    "offers": [
      {
        "text": "Save up to 1/2 price on selected fragrances"
      }
    ],
    "actions": {},
    "iconUri": "https://boots.scene7.com/is/image/Boots/10013273?op_sharpen=1",
    "title": "Gucci Rush for Her Eau de Toilette 50ml",
    "referenceUri": "/gucci-rush-eau-de-toilette-spray-50ml-10013273",
    "canAddToBasket": "yes",
    "opticians": false,
    "inStock": true,
    "expressDelivery": false,
    "hasOtherPromotion": true,
    "channelPromotionalTextMap": {
      "-1": [
        "Save up to 1/2 price on selected fragrances"
      ],
      "-6": [
        "Save up to 1/2 price on selected fragrances"
      ]
    },
    "adCardPoints": 147
  },
  {
    "_id": {
      "$oid": "65ec108d9884656b92f55725"
    },
    "ppuQuantity": "30ML",
    "pricing": {
      "perUnit": "£181.33 per 100ML",
      "regular": {
        "value": 68,
        "currency": "GBP",
        "text": "£68.00"
      },
      "current": {
        "value": 54.4,
        "currency": "GBP",
        "text": "£54.40"
      },
      "saving": {
        "value": 13.6,
        "currency": "GBP",
        "text": "£13.60"
      }
    },
    "objectId": "2849203",
    "brand": "Gucci",
    "attributes": {
      "fragrance_scent": [
        "fruity",
        "amber",
        "floral"
      ],
      "product_type": "perfume",
      "size": "21-30",
      "gender": "womens",
      "StockOverrideMessage": "STOCK_COMING_SOON",
      "format": "spray",
      "fragrance_type": "eau de parfum",
      "hasPriceAdvantageDeal": false,
      "ProductReviewFlag": "1"
    },
    "variants": {
      "colours": [],
      "hasColours": false,
      "hasSizes": false
    },
    "categories": [
      [
        {
          "name": "fragrance",
          "label": "fragrance"
        },
        {
          "name": "gift",
          "label": "gift"
        },
        {
          "name": "new in",
          "label": "new in"
        }
      ],
      [
        {
          "name": "perfume",
          "label": "fragrance > perfume"
        },
        {
          "name": "gifts for her",
          "label": "gift > gifts for her"
        },
        {
          "name": "luxury fragrance",
          "label": "fragrance > luxury fragrance"
        },
        {
          "name": "new in fragrance",
          "label": "fragrance > new in fragrance"
        },
        {
          "name": "new in fragrance",
          "label": "new in > new in fragrance"
        }
      ],
      [
        {
          "name": "all perfumes",
          "label": "fragrance > perfume > all perfumes"
        },
        {
          "name": "floral perfume",
          "label": "fragrance > perfume > floral perfume"
        },
        {
          "name": "amber perfume",
          "label": "fragrance > perfume > amber perfume"
        },
        {
          "name": "all perfumes",
          "label": "gift > gifts for her > all perfumes"
        }
      ]
    ],
    "reviews": {
      "average": 4.73,
      "count": 1137,
      "rounded": 4
    },
    "parent": {
      "product": "2849202",
      "partNumber": "10330174.P",
      "model": "10330174",
      "manufacturerModel": "5709164"
    },
    "images": {
      "thumbnail": "https://boots.scene7.com/is/image/Boots/10330174?wid=45&hei=60&op_sharpen=1"
    },
    "offers": [
      {
        "text": "Save up to 20 percent on selected fragrances"
      }
    ],
    "actions": {},
    "iconUri": "https://boots.scene7.com/is/image/Boots/10330174?op_sharpen=1",
    "title": "Gucci Flora Gorgeous Magnolia for Her Eau de Parfum 30ml",
    "referenceUri": "/Gucci-Flora-Gorgeous-Magnolia-EDP-30ml-10330174",
    "canAddToBasket": "yes",
    "opticians": false,
    "inStock": true,
    "expressDelivery": false,
    "hasOtherPromotion": true,
    "channelPromotionalTextMap": {
      "-1": [
        "Save up to 20 percent on selected fragrances"
      ],
      "-6": [
        "Save up to 20 percent on selected fragrances"
      ]
    },
    "adCardPoints": 162
  },
  {
    "_id": {
      "$oid": "65ec108d9884656b92f55726"
    },
    "ppuQuantity": "50ML",
    "pricing": {
      "perUnit": "£152.00 per 100ML",
      "regular": {
        "value": 95,
        "currency": "GBP",
        "text": "£95.00"
      },
      "current": {
        "value": 76,
        "currency": "GBP",
        "text": "£76.00"
      },
      "saving": {
        "value": 19,
        "currency": "GBP",
        "text": "£19.00"
      }
    },
    "objectId": "2849205",
    "brand": "Gucci",
    "attributes": {
      "fragrance_scent": [
        "fruity",
        "amber",
        "floral"
      ],
      "product_type": "perfume",
      "StockOverrideMessage": "STOCK_COMING_SOON",
      "size": "41-50",
      "gender": "womens",
      "format": "spray",
      "fragrance_type": "eau de parfum",
      "hasPriceAdvantageDeal": false,
      "ProductReviewFlag": "1"
    },
    "variants": {
      "colours": [],
      "hasColours": false,
      "hasSizes": false
    },
    "categories": [
      [
        {
          "name": "fragrance",
          "label": "fragrance"
        },
        {
          "name": "beauty & skincare",
          "label": "beauty & skincare"
        },
        {
          "name": "gift",
          "label": "gift"
        },
        {
          "name": "new in",
          "label": "new in"
        }
      ],
      [
        {
          "name": "beauty awards",
          "label": "beauty & skincare > beauty awards"
        },
        {
          "name": "perfume",
          "label": "fragrance > perfume"
        },
        {
          "name": "gifts for her",
          "label": "gift > gifts for her"
        },
        {
          "name": "luxury fragrance",
          "label": "fragrance > luxury fragrance"
        },
        {
          "name": "new in fragrance",
          "label": "fragrance > new in fragrance"
        },
        {
          "name": "new in fragrance",
          "label": "new in > new in fragrance"
        }
      ],
      [
        {
          "name": "beauty awards nominees",
          "label": "beauty & skincare > beauty awards > beauty awards nominees"
        },
        {
          "name": "all perfumes",
          "label": "fragrance > perfume > all perfumes"
        },
        {
          "name": "floral perfume",
          "label": "fragrance > perfume > floral perfume"
        },
        {
          "name": "amber perfume",
          "label": "fragrance > perfume > amber perfume"
        },
        {
          "name": "all perfumes",
          "label": "gift > gifts for her > all perfumes"
        }
      ]
    ],
    "reviews": {
      "average": 4.74,
      "count": 1134,
      "rounded": 4
    },
    "parent": {
      "product": "2849204",
      "partNumber": "10330175.P",
      "model": "10330175",
      "manufacturerModel": "5709172"
    },
    "images": {
      "thumbnail": "https://boots.scene7.com/is/image/Boots/10330175?wid=45&hei=60&op_sharpen=1"
    },
    "offers": [
      {
        "text": "Save up to 20 percent on selected fragrances"
      }
    ],
    "actions": {},
    "iconUri": "https://boots.scene7.com/is/image/Boots/10330175?op_sharpen=1",
    "title": "Gucci Flora Gorgeous Magnolia for Her Eau de Parfum 50ml",
    "referenceUri": "/Gucci-Flora-Gorgeous-Magnolia-EDP-50ml-10330175",
    "canAddToBasket": "yes",
    "opticians": false,
    "inStock": true,
    "expressDelivery": false,
    "hasOtherPromotion": true,
    "channelPromotionalTextMap": {
      "-1": [
        "Save up to 20 percent on selected fragrances"
      ],
      "-6": [
        "Save up to 20 percent on selected fragrances"
      ]
    },
    "adCardPoints": 228
  },
  {
    "_id": {
      "$oid": "65ec108d9884656b92f55727"
    },
    "ppuQuantity": "50ML",
    "pricing": {
      "perUnit": "£161.50 per 100ML",
      "regular": {
        "value": 95,
        "currency": "GBP",
        "text": "£95.00"
      },
      "current": {
        "value": 80.75,
        "currency": "GBP",
        "text": "£80.75"
      },
      "saving": {
        "value": 14.25,
        "currency": "GBP",
        "text": "£14.25"
      }
    },
    "objectId": "2579649",
    "brand": "Gucci",
    "attributes": {
      "fragrance_scent": "floral",
      "StockOverrideMessage": "STOCK_COMING_SOON",
      "gender": "womens",
      "size": "71-100",
      "fragrance_type": "eau de parfum",
      "recipient": "gifts for women",
      "hasPriceAdvantageDeal": false,
      "Reporting_Category": "fragrance",
      "gift_type": "fragrance gifts",
      "ProductReviewFlag": "1"
    },
    "variants": {
      "colours": [],
      "hasColours": false,
      "hasSizes": false
    },
    "categories": [
      [
        {
          "name": "mother's day",
          "label": "mother's day"
        },
        {
          "name": "fragrance",
          "label": "fragrance"
        },
        {
          "name": "gift",
          "label": "gift"
        }
      ],
      [
        {
          "name": "shop all",
          "label": "mother's day > shop all"
        },
        {
          "name": "perfume",
          "label": "fragrance > perfume"
        },
        {
          "name": "gifts for her",
          "label": "gift > gifts for her"
        },
        {
          "name": "5* rated perfumes & aftershaves",
          "label": "fragrance > 5* rated perfumes & aftershaves"
        },
        {
          "name": "birthday gifts",
          "label": "gift > birthday gifts"
        },
        {
          "name": "Eid gifts",
          "label": "gift > Eid gifts"
        },
        {
          "name": "all gifts",
          "label": "gift > all gifts"
        }
      ],
      [
        {
          "name": "all perfumes",
          "label": "fragrance > perfume > all perfumes"
        },
        {
          "name": "floral perfume",
          "label": "fragrance > perfume > floral perfume"
        },
        {
          "name": "all perfumes",
          "label": "gift > gifts for her > all perfumes"
        }
      ]
    ],
    "reviews": {
      "average": 4.53,
      "count": 1545,
      "rounded": 4
    },
    "parent": {
      "product": "2579648",
      "partNumber": "10299778.P",
      "model": "10299778",
      "manufacturerModel": "4913760"
    },
    "images": {
      "thumbnail": "https://boots.scene7.com/is/image/Boots/10299778?wid=45&hei=60&op_sharpen=1"
    },
    "offers": [
      {
        "text": "Save 15 percent on selected fragrance"
      }
    ],
    "actions": {},
    "iconUri": "https://boots.scene7.com/is/image/Boots/10299778?op_sharpen=1",
    "title": "Gucci Flora Gorgeous Gardenia for Her Eau de Parfum 50ml",
    "referenceUri": "/gucci-flora-gorgeous-gardenia-eau-de-parfum-50ml-10299778",
    "canAddToBasket": "yes",
    "opticians": false,
    "inStock": true,
    "expressDelivery": false,
    "hasOtherPromotion": true,
    "channelPromotionalTextMap": {
      "-1": [
        "Save 15 percent on selected fragrance"
      ],
      "-6": [
        "Save 15 percent on selected fragrance"
      ]
    },
    "adCardPoints": 240
  },
  {
    "_id": {
      "$oid": "65ec108d9884656b92f55728"
    },
    "ppuQuantity": "100ML",
    "pricing": {
      "perUnit": "£104.00 per 100ML",
      "regular": {
        "value": 130,
        "currency": "GBP",
        "text": "£130.00"
      },
      "current": {
        "value": 104,
        "currency": "GBP",
        "text": "£104.00"
      },
      "saving": {
        "value": 26,
        "currency": "GBP",
        "text": "£26.00"
      }
    },
    "objectId": "2772091",
    "brand": "Gucci",
    "attributes": {
      "fragrance_scent": [
        "floral",
        "jasmine",
        "woody",
        "fruity"
      ],
      "StockOverrideMessage": "STOCK_COMING_SOON",
      "gender": "womens",
      "size": "71-100",
      "fragrance_type": "eau de parfum",
      "hasPriceAdvantageDeal": false,
      "ProductReviewFlag": "1"
    },
    "variants": {
      "colours": [],
      "hasColours": false,
      "hasSizes": false
    },
    "categories": [
      [
        {
          "name": "gift",
          "label": "gift"
        },
        {
          "name": "fragrance",
          "label": "fragrance"
        }
      ],
      [
        {
          "name": "gifts for her",
          "label": "gift > gifts for her"
        },
        {
          "name": "perfume",
          "label": "fragrance > perfume"
        }
      ],
      [
        {
          "name": "all perfumes",
          "label": "gift > gifts for her > all perfumes"
        },
        {
          "name": "all perfumes",
          "label": "fragrance > perfume > all perfumes"
        }
      ]
    ],
    "reviews": {
      "average": 4.34,
      "count": 1603,
      "rounded": 4
    },
    "parent": {
      "product": "2772090",
      "partNumber": "10316887.P",
      "model": "10316887",
      "manufacturerModel": "3960293"
    },
    "images": {
      "thumbnail": "https://boots.scene7.com/is/image/Boots/10316887?wid=45&hei=60&op_sharpen=1"
    },
    "offers": [
      {
        "text": "Save up to 20 percent on selected fragrances"
      }
    ],
    "actions": {},
    "iconUri": "https://boots.scene7.com/is/image/Boots/10316887?op_sharpen=1",
    "title": "Gucci Flora Gorgeous Jasmine For Her Eau de Parfum 100ml",
    "referenceUri": "/gucci-flora-gorgeous-jasmine-for-her-eau-de-parfum-100ml-10316887",
    "canAddToBasket": "yes",
    "opticians": false,
    "inStock": true,
    "expressDelivery": false,
    "hasOtherPromotion": true,
    "channelPromotionalTextMap": {
      "-1": [
        "Save up to 20 percent on selected fragrances"
      ],
      "-6": [
        "Save up to 20 percent on selected fragrances"
      ]
    },
    "adCardPoints": 312
  },
  {
    "_id": {
      "$oid": "65ec108d9884656b92f55729"
    },
    "ppuQuantity": "100ML",
    "pricing": {
      "perUnit": "£104.00 per 100ML",
      "regular": {
        "value": 130,
        "currency": "GBP",
        "text": "£130.00"
      },
      "current": {
        "value": 104,
        "currency": "GBP",
        "text": "£104.00"
      },
      "saving": {
        "value": 26,
        "currency": "GBP",
        "text": "£26.00"
      }
    },
    "objectId": "2849207",
    "brand": "Gucci",
    "attributes": {
      "fragrance_scent": [
        "amber",
        "floral",
        "fruity"
      ],
      "product_type": "perfume",
      "StockOverrideMessage": "STOCK_COMING_SOON",
      "size": "71-100",
      "gender": "womens",
      "fragrance_type": "eau de parfum",
      "format": "spray",
      "hasPriceAdvantageDeal": false,
      "ProductReviewFlag": "1"
    },
    "variants": {
      "colours": [],
      "hasColours": false,
      "hasSizes": false
    },
    "categories": [
      [
        {
          "name": "fragrance",
          "label": "fragrance"
        },
        {
          "name": "sun & holiday",
          "label": "sun & holiday"
        },
        {
          "name": "gift",
          "label": "gift"
        },
        {
          "name": "new in",
          "label": "new in"
        }
      ],
      [
        {
          "name": "perfume",
          "label": "fragrance > perfume"
        },
        {
          "name": "love island",
          "label": "sun & holiday > love island"
        },
        {
          "name": "gifts for her",
          "label": "gift > gifts for her"
        },
        {
          "name": "luxury fragrance",
          "label": "fragrance > luxury fragrance"
        },
        {
          "name": "new in fragrance",
          "label": "fragrance > new in fragrance"
        },
        {
          "name": "new in fragrance",
          "label": "new in > new in fragrance"
        }
      ],
      [
        {
          "name": "all perfumes",
          "label": "fragrance > perfume > all perfumes"
        },
        {
          "name": "floral perfume",
          "label": "fragrance > perfume > floral perfume"
        },
        {
          "name": "amber perfume",
          "label": "fragrance > perfume > amber perfume"
        },
        {
          "name": "shop the love island villa",
          "label": "sun & holiday > love island > shop the love island villa"
        },
        {
          "name": "all perfumes",
          "label": "gift > gifts for her > all perfumes"
        }
      ]
    ],
    "reviews": {
      "average": 4.74,
      "count": 1137,
      "rounded": 4
    },
    "parent": {
      "product": "2849206",
      "partNumber": "10330176.P",
      "model": "10330176",
      "manufacturerModel": "5709202"
    },
    "images": {
      "thumbnail": "https://boots.scene7.com/is/image/Boots/10330176?wid=45&hei=60&op_sharpen=1"
    },
    "offers": [
      {
        "text": "Save up to 20 percent on selected fragrances"
      }
    ],
    "actions": {},
    "iconUri": "https://boots.scene7.com/is/image/Boots/10330176?op_sharpen=1",
    "title": "Gucci Flora Gorgeous Magnolia Eau de Parfum 100ml",
    "referenceUri": "/gucci-flora-gorgeous-magnolia-edp-100ml-10330176",
    "canAddToBasket": "yes",
    "opticians": false,
    "inStock": true,
    "expressDelivery": false,
    "hasOtherPromotion": true,
    "channelPromotionalTextMap": {
      "-1": [
        "Save up to 20 percent on selected fragrances"
      ],
      "-6": [
        "Save up to 20 percent on selected fragrances"
      ]
    },
    "adCardPoints": 312
  },
  {
    "_id": {
      "$oid": "65ec108d9884656b92f5572a"
    },
    "ppuQuantity": "30ML",
    "pricing": {
      "perUnit": "£146.67 per 100ML",
      "regular": {
        "value": 55,
        "currency": "GBP",
        "text": "£55.00"
      },
      "current": {
        "value": 44,
        "currency": "GBP",
        "text": "£44.00"
      },
      "saving": {
        "value": 11,
        "currency": "GBP",
        "text": "£11.00"
      }
    },
    "objectId": "2488040",
    "brand": "Gucci",
    "attributes": {
      "fragrance_scent": "amber",
      "size": "21-30",
      "StockOverrideMessage": "STOCK_COMING_SOON",
      "gender": "womens",
      "fragrance_type": "eau de toilette",
      "format": "spray",
      "hasPriceAdvantageDeal": false,
      "Reporting_Category": "fragrance",
      "ProductReviewFlag": "1"
    },
    "variants": {
      "colours": [],
      "hasColours": false,
      "hasSizes": false
    },
    "categories": [
      [
        {
          "name": "fragrance",
          "label": "fragrance"
        },
        {
          "name": "gift",
          "label": "gift"
        }
      ],
      [
        {
          "name": "perfume",
          "label": "fragrance > perfume"
        },
        {
          "name": "gifts for her",
          "label": "gift > gifts for her"
        }
      ],
      [
        {
          "name": "all perfumes",
          "label": "fragrance > perfume > all perfumes"
        },
        {
          "name": "amber perfume",
          "label": "fragrance > perfume > amber perfume"
        },
        {
          "name": "all perfumes",
          "label": "gift > gifts for her > all perfumes"
        }
      ]
    ],
    "reviews": {
      "average": 4.21,
      "count": 1184,
      "rounded": 4
    },
    "parent": {
      "product": "2488039",
      "partNumber": "10290759.P",
      "model": "10290759",
      "manufacturerModel": "2347334"
    },
    "images": {
      "thumbnail": "https://boots.scene7.com/is/image/Boots/10290759?wid=45&hei=60&op_sharpen=1"
    },
    "offers": [
      {
        "text": "Save up to 20 percent on selected fragrances"
      }
    ],
    "actions": {},
    "iconUri": "https://boots.scene7.com/is/image/Boots/10290759?op_sharpen=1",
    "title": "Gucci Guilty Eau de Toilette For Her 30ml",
    "referenceUri": "/gucci-guilty-eau-de-toilette-for-her-30ml-10290759",
    "canAddToBasket": "yes",
    "opticians": false,
    "inStock": true,
    "expressDelivery": false,
    "hasOtherPromotion": true,
    "channelPromotionalTextMap": {
      "-1": [
        "Save up to 20 percent on selected fragrances"
      ],
      "-6": [
        "Save up to 20 percent on selected fragrances"
      ]
    },
    "adCardPoints": 132
  },
  {
    "_id": {
      "$oid": "65ec108d9884656b92f5572b"
    },
    "ppuQuantity": "30ML",
    "pricing": {
      "perUnit": "£189.33 per 100ML",
      "regular": {
        "value": 71,
        "currency": "GBP",
        "text": "£71.00"
      },
      "current": {
        "value": 56.8,
        "currency": "GBP",
        "text": "£56.80"
      },
      "saving": {
        "value": 14.2,
        "currency": "GBP",
        "text": "£14.20"
      }
    },
    "objectId": "2220014",
    "brand": "Gucci",
    "attributes": {
      "fragrance_scent": [
        "amber",
        "floral"
      ],
      "gender": "womens",
      "size": "21-30",
      "StockOverrideMessage": "STOCK_COMING_SOON",
      "fragrance_type": "eau de parfum",
      "hasPriceAdvantageDeal": false,
      "Reporting_Category": "fragrance",
      "ProductReviewFlag": "1"
    },
    "variants": {
      "colours": [],
      "hasColours": false,
      "hasSizes": false
    },
    "categories": [
      [
        {
          "name": "fragrance",
          "label": "fragrance"
        },
        {
          "name": "gift",
          "label": "gift"
        }
      ],
      [
        {
          "name": "perfume",
          "label": "fragrance > perfume"
        },
        {
          "name": "fragrance offers",
          "label": "fragrance > fragrance offers"
        },
        {
          "name": "gifts for her",
          "label": "gift > gifts for her"
        }
      ],
      [
        {
          "name": "all perfumes",
          "label": "fragrance > perfume > all perfumes"
        },
        {
          "name": "floral perfume",
          "label": "fragrance > perfume > floral perfume"
        },
        {
          "name": "amber perfume",
          "label": "fragrance > perfume > amber perfume"
        },
        {
          "name": "Save 15% on 100s of fragrances",
          "label": "fragrance > fragrance offers > Save 15% on 100s of fragrances"
        },
        {
          "name": "all perfumes",
          "label": "gift > gifts for her > all perfumes"
        }
      ]
    ],
    "reviews": {
      "average": 4.45,
      "count": 734,
      "rounded": 4
    },
    "parent": {
      "product": "2220013",
      "partNumber": "10259441.P",
      "model": "10259441",
      "manufacturerModel": "8396191"
    },
    "images": {
      "thumbnail": "https://boots.scene7.com/is/image/Boots/10259441?wid=45&hei=60&op_sharpen=1"
    },
    "offers": [
      {
        "text": "Save up to 20 percent on selected fragrances"
      }
    ],
    "actions": {},
    "iconUri": "https://boots.scene7.com/is/image/Boots/10259441?op_sharpen=1",
    "title": "Gucci Guilty Eau de Parfum For Her 30ml",
    "referenceUri": "/gucci-guilty-eau-de-parfum-for-her-30ml-10259441",
    "canAddToBasket": "yes",
    "opticians": false,
    "inStock": true,
    "expressDelivery": false,
    "hasOtherPromotion": true,
    "channelPromotionalTextMap": {
      "-1": [
        "Save up to 20 percent on selected fragrances"
      ],
      "-6": [
        "Save up to 20 percent on selected fragrances"
      ]
    },
    "adCardPoints": 168
  },
  {
    "_id": {
      "$oid": "65ec108d9884656b92f5572c"
    },
    "ppuQuantity": "90ML",
    "pricing": {
      "perUnit": "£120.89 per 100ML",
      "regular": {
        "value": 136,
        "currency": "GBP",
        "text": "£136.00"
      },
      "current": {
        "value": 108.8,
        "currency": "GBP",
        "text": "£108.80"
      },
      "saving": {
        "value": 27.2,
        "currency": "GBP",
        "text": "£27.20"
      }
    },
    "objectId": "2220018",
    "brand": "Gucci",
    "attributes": {
      "fragrance_scent": [
        "floral",
        "amber"
      ],
      "size": "71-100",
      "gender": "womens",
      "StockOverrideMessage": "STOCK_COMING_SOON",
      "fragrance_type": "eau de parfum",
      "hasPriceAdvantageDeal": false,
      "Reporting_Category": "fragrance",
      "ProductReviewFlag": "1"
    },
    "variants": {
      "colours": [],
      "hasColours": false,
      "hasSizes": false
    },
    "categories": [
      [
        {
          "name": "fragrance",
          "label": "fragrance"
        },
        {
          "name": "gift",
          "label": "gift"
        }
      ],
      [
        {
          "name": "fragrance offers",
          "label": "fragrance > fragrance offers"
        },
        {
          "name": "perfume",
          "label": "fragrance > perfume"
        },
        {
          "name": "gifts for her",
          "label": "gift > gifts for her"
        }
      ],
      [
        {
          "name": "all perfumes",
          "label": "fragrance > perfume > all perfumes"
        },
        {
          "name": "floral perfume",
          "label": "fragrance > perfume > floral perfume"
        },
        {
          "name": "amber perfume",
          "label": "fragrance > perfume > amber perfume"
        },
        {
          "name": "Save 15% on 100s of fragrances",
          "label": "fragrance > fragrance offers > Save 15% on 100s of fragrances"
        },
        {
          "name": "all perfumes",
          "label": "gift > gifts for her > all perfumes"
        }
      ]
    ],
    "reviews": {
      "average": 4.45,
      "count": 749,
      "rounded": 4
    },
    "parent": {
      "product": "2220017",
      "partNumber": "10259443.P",
      "model": "10259443",
      "manufacturerModel": "8396213"
    },
    "images": {
      "thumbnail": "https://boots.scene7.com/is/image/Boots/10259443?wid=45&hei=60&op_sharpen=1"
    },
    "offers": [
      {
        "text": "Save up to 20 percent on selected fragrances"
      }
    ],
    "actions": {},
    "iconUri": "https://boots.scene7.com/is/image/Boots/10259443?op_sharpen=1",
    "title": "Gucci Guilty Eau de Parfum For Her 90ml",
    "referenceUri": "/gucci-guilty-eau-de-parfum-for-her-90ml-10259443",
    "canAddToBasket": "yes",
    "opticians": false,
    "inStock": true,
    "expressDelivery": false,
    "hasOtherPromotion": true,
    "channelPromotionalTextMap": {
      "-1": [
        "Save up to 20 percent on selected fragrances"
      ],
      "-6": [
        "Save up to 20 percent on selected fragrances"
      ]
    },
    "adCardPoints": 324
  },
  {
    "_id": {
      "$oid": "65ec108d9884656b92f5572d"
    },
    "ppuQuantity": "50ML",
    "pricing": {
      "perUnit": "£120.00 per 100ML",
      "regular": {
        "value": 75,
        "currency": "GBP",
        "text": "£75.00"
      },
      "current": {
        "value": 60,
        "currency": "GBP",
        "text": "£60.00"
      },
      "saving": {
        "value": 15,
        "currency": "GBP",
        "text": "£15.00"
      }
    },
    "objectId": "1868123",
    "brand": "Gucci",
    "attributes": {
      "fragrance_scent": [
        "floral",
        "woody"
      ],
      "StockOverrideMessage": "STOCK_COMING_SOON",
      "gender": "womens",
      "size": "41-50",
      "parentCategory_UK": "33071",
      "fragrance_type": "eau de toilette",
      "hasPriceAdvantageDeal": false,
      "Reporting_Category": "fragrance",
      "gift_type": "fragrance gifts",
      "ProductReviewFlag": "1"
    },
    "variants": {
      "colours": [],
      "hasColours": false,
      "hasSizes": false
    },
    "categories": [
      [
        {
          "name": "fragrance",
          "label": "fragrance"
        },
        {
          "name": "gift",
          "label": "gift"
        }
      ],
      [
        {
          "name": "5* rated perfumes & aftershaves",
          "label": "fragrance > 5* rated perfumes & aftershaves"
        },
        {
          "name": "perfume",
          "label": "fragrance > perfume"
        },
        {
          "name": "fragrance offers",
          "label": "fragrance > fragrance offers"
        },
        {
          "name": "gifts for her",
          "label": "gift > gifts for her"
        }
      ],
      [
        {
          "name": "all perfumes",
          "label": "fragrance > perfume > all perfumes"
        },
        {
          "name": "floral perfume",
          "label": "fragrance > perfume > floral perfume"
        },
        {
          "name": "save up to 60 percent",
          "label": "fragrance > fragrance offers > save up to 60 percent"
        },
        {
          "name": "Save 15% on 100s of fragrances",
          "label": "fragrance > fragrance offers > Save 15% on 100s of fragrances"
        },
        {
          "name": "all perfumes",
          "label": "gift > gifts for her > all perfumes"
        }
      ]
    ],
    "reviews": {
      "average": 4.69,
      "count": 87,
      "rounded": 4
    },
    "parent": {
      "product": "1868122",
      "partNumber": "10218320.P",
      "model": "10218320",
      "manufacturerModel": "6646220"
    },
    "images": {
      "thumbnail": "https://boots.scene7.com/is/image/Boots/10218320?wid=45&hei=60&op_sharpen=1"
    },
    "offers": [
      {
        "text": "Save up to 20 percent on selected fragrances"
      }
    ],
    "actions": {},
    "iconUri": "https://boots.scene7.com/is/image/Boots/10218320?op_sharpen=1",
    "title": "Gucci Bamboo for Her Eau de Toilette 50ml",
    "referenceUri": "/gucci-bamboo-eau-de-toilette-50ml-10218320",
    "canAddToBasket": "yes",
    "opticians": false,
    "inStock": true,
    "expressDelivery": false,
    "hasOtherPromotion": true,
    "channelPromotionalTextMap": {
      "-1": [
        "Save up to 20 percent on selected fragrances"
      ],
      "-6": [
        "Save up to 20 percent on selected fragrances"
      ]
    },
    "adCardPoints": 180
  },
  {
    "_id": {
      "$oid": "65ec108d9884656b92f5572e"
    },
    "ppuQuantity": "100ML",
    "pricing": {
      "perUnit": "£104.00 per 100ML",
      "regular": {
        "value": 130,
        "currency": "GBP",
        "text": "£130.00"
      },
      "current": {
        "value": 104,
        "currency": "GBP",
        "text": "£104.00"
      },
      "saving": {
        "value": 26,
        "currency": "GBP",
        "text": "£26.00"
      }
    },
    "objectId": "2007194",
    "brand": "Gucci",
    "attributes": {
      "fragrance_scent": "floral",
      "StockOverrideMessage": "STOCK_COMING_SOON",
      "size": "71-100",
      "gender": "womens",
      "parentCategory_UK": "33071",
      "fragrance_type": "eau de parfum",
      "hasPriceAdvantageDeal": false,
      "Reporting_Category": "fragrance",
      "ProductReviewFlag": "1"
    },
    "variants": {
      "colours": [],
      "hasColours": false,
      "hasSizes": false
    },
    "categories": [
      [
        {
          "name": "fragrance",
          "label": "fragrance"
        },
        {
          "name": "gift",
          "label": "gift"
        }
      ],
      [
        {
          "name": "5* rated perfumes & aftershaves",
          "label": "fragrance > 5* rated perfumes & aftershaves"
        },
        {
          "name": "perfume",
          "label": "fragrance > perfume"
        },
        {
          "name": "fragrance offers",
          "label": "fragrance > fragrance offers"
        },
        {
          "name": "gifts for her",
          "label": "gift > gifts for her"
        }
      ],
      [
        {
          "name": "all perfumes",
          "label": "fragrance > perfume > all perfumes"
        },
        {
          "name": "floral perfume",
          "label": "fragrance > perfume > floral perfume"
        },
        {
          "name": "Save 15% on 100s of fragrances",
          "label": "fragrance > fragrance offers > Save 15% on 100s of fragrances"
        },
        {
          "name": "all perfumes",
          "label": "gift > gifts for her > all perfumes"
        }
      ]
    ],
    "reviews": {
      "average": 4.53,
      "count": 3002,
      "rounded": 4
    },
    "parent": {
      "product": "2007193",
      "partNumber": "10230934.P",
      "model": "10230934",
      "manufacturerModel": "6943276"
    },
    "images": {
      "thumbnail": "https://boots.scene7.com/is/image/Boots/10230934?wid=45&hei=60&op_sharpen=1"
    },
    "offers": [
      {
        "text": "Save up to 20 percent on selected fragrances"
      }
    ],
    "actions": {},
    "iconUri": "https://boots.scene7.com/is/image/Boots/10230934?op_sharpen=1",
    "title": "Gucci Bloom for Her Eau de Parfum 100ml",
    "referenceUri": "/gucci-bloom-eau-de-parfum-spray-100ml-10230934",
    "canAddToBasket": "yes",
    "opticians": false,
    "inStock": true,
    "expressDelivery": false,
    "hasOtherPromotion": true,
    "channelPromotionalTextMap": {
      "-1": [
        "Save up to 20 percent on selected fragrances"
      ],
      "-6": [
        "Save up to 20 percent on selected fragrances"
      ]
    },
    "adCardPoints": 312
  },
  {
    "_id": {
      "$oid": "65ec108d9884656b92f5572f"
    },
    "ppuQuantity": "50ML",
    "pricing": {
      "perUnit": "£168.30 per 100ML",
      "regular": {
        "value": 99,
        "currency": "GBP",
        "text": "£99.00"
      },
      "current": {
        "value": 84.15,
        "currency": "GBP",
        "text": "£84.15"
      },
      "saving": {
        "value": 14.85,
        "currency": "GBP",
        "text": "£14.85"
      }
    },
    "objectId": "2220016",
    "brand": "Gucci",
    "attributes": {
      "fragrance_scent": [
        "floral",
        "amber"
      ],
      "StockOverrideMessage": "STOCK_COMING_SOON",
      "size": "41-50",
      "gender": "womens",
      "fragrance_type": "eau de parfum",
      "hasPriceAdvantageDeal": false,
      "Reporting_Category": "fragrance",
      "ProductReviewFlag": "1"
    },
    "variants": {
      "colours": [],
      "hasColours": false,
      "hasSizes": false
    },
    "categories": [
      [
        {
          "name": "mother's day",
          "label": "mother's day"
        },
        {
          "name": "fragrance",
          "label": "fragrance"
        },
        {
          "name": "gift",
          "label": "gift"
        }
      ],
      [
        {
          "name": "shop all",
          "label": "mother's day > shop all"
        },
        {
          "name": "perfume",
          "label": "fragrance > perfume"
        },
        {
          "name": "fragrance offers",
          "label": "fragrance > fragrance offers"
        },
        {
          "name": "gifts for her",
          "label": "gift > gifts for her"
        }
      ],
      [
        {
          "name": "all perfumes",
          "label": "fragrance > perfume > all perfumes"
        },
        {
          "name": "floral perfume",
          "label": "fragrance > perfume > floral perfume"
        },
        {
          "name": "amber perfume",
          "label": "fragrance > perfume > amber perfume"
        },
        {
          "name": "save up to half price",
          "label": "fragrance > fragrance offers > save up to half price"
        },
        {
          "name": "Collect £10 worth of points when you spend £60",
          "label": "fragrance > fragrance offers > Collect £10 worth of points when you spend £60"
        },
        {
          "name": "Save 15% on 100s of fragrances",
          "label": "fragrance > fragrance offers > Save 15% on 100s of fragrances"
        },
        {
          "name": "all perfumes",
          "label": "gift > gifts for her > all perfumes"
        }
      ]
    ],
    "reviews": {
      "average": 4.45,
      "count": 740,
      "rounded": 4
    },
    "parent": {
      "product": "2220015",
      "partNumber": "10259442.P",
      "model": "10259442",
      "manufacturerModel": "8396205"
    },
    "images": {
      "thumbnail": "https://boots.scene7.com/is/image/Boots/10259442?wid=45&hei=60&op_sharpen=1"
    },
    "offers": [
      {
        "text": "Save 15 percent on selected fragrance"
      }
    ],
    "actions": {},
    "iconUri": "https://boots.scene7.com/is/image/Boots/10259442?op_sharpen=1",
    "title": "Gucci Guilty Eau de Parfum For Her 50ml",
    "referenceUri": "/gucci-guilty-eau-de-parfum-for-her-50ml-10259442",
    "canAddToBasket": "yes",
    "opticians": false,
    "inStock": true,
    "expressDelivery": false,
    "hasOtherPromotion": true,
    "channelPromotionalTextMap": {
      "-1": [
        "Save 15 percent on selected fragrance"
      ],
      "-6": [
        "Save 15 percent on selected fragrance"
      ]
    },
    "adCardPoints": 252
  },
  {
    "_id": {
      "$oid": "65ec108d9884656b92f55730"
    },
    "ppuQuantity": "60ML",
    "pricing": {
      "perUnit": "£168.00 per 100ML",
      "regular": {
        "value": 126,
        "currency": "GBP",
        "text": "£126.00"
      },
      "current": {
        "value": 100.8,
        "currency": "GBP",
        "text": "£100.80"
      },
      "saving": {
        "value": 25.2,
        "currency": "GBP",
        "text": "£25.20"
      }
    },
    "objectId": "2872167",
    "brand": "Gucci",
    "attributes": {
      "fragrance_scent": [
        "floral",
        "amber"
      ],
      "product_type": "body spray",
      "gender": "womens",
      "StockOverrideMessage": "STOCK_COMING_SOON",
      "size": "51-70",
      "fragrance_type": "parfum",
      "format": "spray",
      "hasPriceAdvantageDeal": false,
      "ProductReviewFlag": "1"
    },
    "variants": {
      "colours": [],
      "hasColours": false,
      "hasSizes": false
    },
    "categories": [
      [
        {
          "name": "new in",
          "label": "new in"
        },
        {
          "name": "fragrance",
          "label": "fragrance"
        },
        {
          "name": "gift",
          "label": "gift"
        }
      ],
      [
        {
          "name": "new in fragrance",
          "label": "new in > new in fragrance"
        },
        {
          "name": "perfume",
          "label": "fragrance > perfume"
        },
        {
          "name": "gifts for her",
          "label": "gift > gifts for her"
        },
        {
          "name": "new in fragrance",
          "label": "fragrance > new in fragrance"
        },
        {
          "name": "elixir fragrances",
          "label": "fragrance > elixir fragrances"
        }
      ],
      [
        {
          "name": "all perfumes",
          "label": "fragrance > perfume > all perfumes"
        },
        {
          "name": "floral perfume",
          "label": "fragrance > perfume > floral perfume"
        },
        {
          "name": "amber perfume",
          "label": "fragrance > perfume > amber perfume"
        },
        {
          "name": "all perfumes",
          "label": "gift > gifts for her > all perfumes"
        }
      ]
    ],
    "reviews": {
      "average": 4.36,
      "count": 599,
      "rounded": 4
    },
    "parent": {
      "product": "2872166",
      "partNumber": "10333351.P",
      "model": "10333351",
      "manufacturerModel": "5770785"
    },
    "images": {
      "thumbnail": "https://boots.scene7.com/is/image/Boots/10333351?wid=45&hei=60&op_sharpen=1"
    },
    "offers": [
      {
        "text": "Save up to 20 percent on selected fragrances"
      }
    ],
    "actions": {},
    "iconUri": "https://boots.scene7.com/is/image/Boots/10333351?op_sharpen=1",
    "title": "Gucci Guilty Elixir de Parfum for Her 60ml ",
    "referenceUri": "/gucci-guilty-elixir-de-parfum-for-her-60ml--10333351",
    "canAddToBasket": "yes",
    "opticians": false,
    "inStock": true,
    "expressDelivery": false,
    "hasOtherPromotion": true,
    "channelPromotionalTextMap": {
      "-1": [
        "Save up to 20 percent on selected fragrances"
      ],
      "-6": [
        "Save up to 20 percent on selected fragrances"
      ]
    },
    "adCardPoints": 300
  },
  {
    "_id": {
      "$oid": "65ec108d9884656b92f55731"
    },
    "ppuQuantity": "30ML",
    "pricing": {
      "perUnit": "£181.33 per 100ML",
      "regular": {
        "value": 68,
        "currency": "GBP",
        "text": "£68.00"
      },
      "current": {
        "value": 54.4,
        "currency": "GBP",
        "text": "£54.40"
      },
      "saving": {
        "value": 13.6,
        "currency": "GBP",
        "text": "£13.60"
      }
    },
    "objectId": "2007198",
    "brand": "Gucci",
    "attributes": {
      "fragrance_scent": "floral",
      "gender": "womens",
      "size": "21-30",
      "StockOverrideMessage": "STOCK_COMING_SOON",
      "parentCategory_UK": "33071",
      "fragrance_type": "eau de parfum",
      "hasPriceAdvantageDeal": false,
      "Reporting_Category": "fragrance",
      "ProductReviewFlag": "1"
    },
    "variants": {
      "colours": [],
      "hasColours": false,
      "hasSizes": false
    },
    "categories": [
      [
        {
          "name": "fragrance",
          "label": "fragrance"
        },
        {
          "name": "gift",
          "label": "gift"
        }
      ],
      [
        {
          "name": "5* rated perfumes & aftershaves",
          "label": "fragrance > 5* rated perfumes & aftershaves"
        },
        {
          "name": "perfume",
          "label": "fragrance > perfume"
        },
        {
          "name": "fragrance offers",
          "label": "fragrance > fragrance offers"
        },
        {
          "name": "gifts for her",
          "label": "gift > gifts for her"
        }
      ],
      [
        {
          "name": "all perfumes",
          "label": "fragrance > perfume > all perfumes"
        },
        {
          "name": "floral perfume",
          "label": "fragrance > perfume > floral perfume"
        },
        {
          "name": "Save 15% on 100s of fragrances",
          "label": "fragrance > fragrance offers > Save 15% on 100s of fragrances"
        },
        {
          "name": "all perfumes",
          "label": "gift > gifts for her > all perfumes"
        }
      ]
    ],
    "reviews": {
      "average": 4.53,
      "count": 3002,
      "rounded": 4
    },
    "parent": {
      "product": "2007197",
      "partNumber": "10230936.P",
      "model": "10230936",
      "manufacturerModel": "6943292"
    },
    "images": {
      "thumbnail": "https://boots.scene7.com/is/image/Boots/10230936?wid=45&hei=60&op_sharpen=1"
    },
    "offers": [
      {
        "text": "Save up to 20 percent on selected fragrances"
      }
    ],
    "actions": {},
    "iconUri": "https://boots.scene7.com/is/image/Boots/10230936?op_sharpen=1",
    "title": "Gucci Bloom for Her Eau de Parfum 30ml",
    "referenceUri": "/gucci-bloom-eau-de-parfum-spray-30ml-10230936",
    "canAddToBasket": "yes",
    "opticians": false,
    "inStock": true,
    "expressDelivery": false,
    "hasOtherPromotion": true,
    "channelPromotionalTextMap": {
      "-1": [
        "Save up to 20 percent on selected fragrances"
      ],
      "-6": [
        "Save up to 20 percent on selected fragrances"
      ]
    },
    "adCardPoints": 162
  },
  {
    "_id": {
      "$oid": "65ec108d9884656b92f55732"
    },
    "ppuQuantity": "50ML",
    "pricing": {
      "perUnit": "£152.00 per 100ML",
      "regular": {
        "value": 95,
        "currency": "GBP",
        "text": "£95.00"
      },
      "current": {
        "value": 76,
        "currency": "GBP",
        "text": "£76.00"
      },
      "saving": {
        "value": 19,
        "currency": "GBP",
        "text": "£19.00"
      }
    },
    "objectId": "2007196",
    "brand": "Gucci",
    "attributes": {
      "fragrance_scent": "floral",
      "StockOverrideMessage": "STOCK_COMING_SOON",
      "gender": "womens",
      "size": "41-50",
      "parentCategory_UK": "33071",
      "recipient": "gifts for women",
      "fragrance_type": "eau de parfum",
      "hasPriceAdvantageDeal": false,
      "Reporting_Category": "fragrance",
      "gift_type": "fragrance gifts",
      "ProductReviewFlag": "1"
    },
    "variants": {
      "colours": [],
      "hasColours": false,
      "hasSizes": false
    },
    "categories": [
      [
        {
          "name": "fragrance",
          "label": "fragrance"
        },
        {
          "name": "gift",
          "label": "gift"
        }
      ],
      [
        {
          "name": "5* rated perfumes & aftershaves",
          "label": "fragrance > 5* rated perfumes & aftershaves"
        },
        {
          "name": "perfume",
          "label": "fragrance > perfume"
        },
        {
          "name": "fragrance offers",
          "label": "fragrance > fragrance offers"
        },
        {
          "name": "gifts for her",
          "label": "gift > gifts for her"
        }
      ],
      [
        {
          "name": "all perfumes",
          "label": "fragrance > perfume > all perfumes"
        },
        {
          "name": "floral perfume",
          "label": "fragrance > perfume > floral perfume"
        },
        {
          "name": "Collect £10 worth of points when you spend £60",
          "label": "fragrance > fragrance offers > Collect £10 worth of points when you spend £60"
        },
        {
          "name": "Save 15% on 100s of fragrances",
          "label": "fragrance > fragrance offers > Save 15% on 100s of fragrances"
        },
        {
          "name": "all perfumes",
          "label": "gift > gifts for her > all perfumes"
        }
      ]
    ],
    "reviews": {
      "average": 4.53,
      "count": 3002,
      "rounded": 4
    },
    "parent": {
      "product": "2007195",
      "partNumber": "10230935.P",
      "model": "10230935",
      "manufacturerModel": "6943284"
    },
    "images": {
      "thumbnail": "https://boots.scene7.com/is/image/Boots/10230935?wid=45&hei=60&op_sharpen=1"
    },
    "offers": [
      {
        "text": "Save up to 20 percent on selected fragrances"
      }
    ],
    "actions": {},
    "iconUri": "https://boots.scene7.com/is/image/Boots/10230935?op_sharpen=1",
    "title": "Gucci Bloom for Her Eau de Parfum 50ml",
    "referenceUri": "/gucci-bloom-eau-de-parfum-spray-50ml-10230935",
    "canAddToBasket": "yes",
    "opticians": false,
    "inStock": true,
    "expressDelivery": false,
    "hasOtherPromotion": true,
    "channelPromotionalTextMap": {
      "-1": [
        "Save up to 20 percent on selected fragrances"
      ],
      "-6": [
        "Save up to 20 percent on selected fragrances"
      ]
    },
    "adCardPoints": 228
  },
  {
    "_id": {
      "$oid": "65ec108d9884656b92f55733"
    },
    "ppuQuantity": "30ML",
    "pricing": {
      "perUnit": "£181.33 per 100ML",
      "regular": {
        "value": 68,
        "currency": "GBP",
        "text": "£68.00"
      },
      "current": {
        "value": 54.4,
        "currency": "GBP",
        "text": "£54.40"
      },
      "saving": {
        "value": 13.6,
        "currency": "GBP",
        "text": "£13.60"
      }
    },
    "objectId": "2714135",
    "brand": "Gucci",
    "attributes": {
      "fragrance_type": "eau de parfum",
      "hasPriceAdvantageDeal": false,
      "size": "21-30",
      "StockOverrideMessage": "STOCK_COMING_SOON",
      "ProductReviewFlag": "1"
    },
    "variants": {
      "colours": [],
      "hasColours": false,
      "hasSizes": false
    },
    "categories": [
      [
        {
          "name": "fragrance",
          "label": "fragrance"
        },
        {
          "name": "gift",
          "label": "gift"
        }
      ],
      [
        {
          "name": "perfume",
          "label": "fragrance > perfume"
        },
        {
          "name": "recommended",
          "label": "fragrance > recommended"
        },
        {
          "name": "gifts for her",
          "label": "gift > gifts for her"
        }
      ],
      [
        {
          "name": "all perfumes",
          "label": "fragrance > perfume > all perfumes"
        },
        {
          "name": "floral perfume",
          "label": "fragrance > perfume > floral perfume"
        },
        {
          "name": "trending fragrance",
          "label": "fragrance > recommended > trending fragrance"
        },
        {
          "name": "best summer fragrances",
          "label": "fragrance > recommended > best summer fragrances"
        },
        {
          "name": "best floral perfumes",
          "label": "fragrance > recommended > best floral perfumes"
        },
        {
          "name": "all perfumes",
          "label": "gift > gifts for her > all perfumes"
        }
      ]
    ],
    "reviews": {
      "average": 4.34,
      "count": 1629,
      "rounded": 4
    },
    "parent": {
      "product": "2714134",
      "partNumber": "10316885.P",
      "model": "10316885",
      "manufacturerModel": "3960277"
    },
    "images": {
      "thumbnail": "https://boots.scene7.com/is/image/Boots/10316885?wid=45&hei=60&op_sharpen=1"
    },
    "offers": [
      {
        "text": "Save up to 20 percent on selected fragrances"
      }
    ],
    "actions": {},
    "iconUri": "https://boots.scene7.com/is/image/Boots/10316885?op_sharpen=1",
    "title": "Gucci Flora Gorgeous Jasmine For Her Eau de Parfum 30ml",
    "referenceUri": "/gucci-flora-gorgeous-jasmine-for-her-eau-de-parfum-30ml-10316885",
    "canAddToBasket": "yes",
    "opticians": false,
    "inStock": true,
    "expressDelivery": false,
    "hasOtherPromotion": true,
    "channelPromotionalTextMap": {
      "-1": [
        "Save up to 20 percent on selected fragrances"
      ],
      "-6": [
        "Save up to 20 percent on selected fragrances"
      ]
    },
    "adCardPoints": 162
  },
  {
    "_id": {
      "$oid": "65ec108d9884656b92f55734"
    },
    "ppuQuantity": "30ML",
    "pricing": {
      "perUnit": "£170.67 per 100ML",
      "regular": {
        "value": 64,
        "currency": "GBP",
        "text": "£64.00"
      },
      "current": {
        "value": 51.2,
        "currency": "GBP",
        "text": "£51.20"
      },
      "saving": {
        "value": 12.8,
        "currency": "GBP",
        "text": "£12.80"
      }
    },
    "objectId": "1711842",
    "brand": "Gucci",
    "attributes": {
      "fragrance_scent": [
        "woody",
        "floral",
        "citrus"
      ],
      "StockOverrideMessage": "STOCK_COMING_SOON",
      "size": "21-30",
      "gender": "womens",
      "parentCategory_UK": "33071",
      "fragrance_type": "eau de parfum",
      "hasPriceAdvantageDeal": false,
      "Reporting_Category": "fragrance",
      "ProductReviewFlag": "1"
    },
    "variants": {
      "colours": [],
      "hasColours": false,
      "hasSizes": false
    },
    "categories": [
      [
        {
          "name": "gift",
          "label": "gift"
        },
        {
          "name": "fragrance",
          "label": "fragrance"
        }
      ],
      [
        {
          "name": "all gifts",
          "label": "gift > all gifts"
        },
        {
          "name": "perfume",
          "label": "fragrance > perfume"
        },
        {
          "name": "fragrance offers",
          "label": "fragrance > fragrance offers"
        },
        {
          "name": "gifts for her",
          "label": "gift > gifts for her"
        }
      ],
      [
        {
          "name": "all perfumes",
          "label": "fragrance > perfume > all perfumes"
        },
        {
          "name": "floral perfume",
          "label": "fragrance > perfume > floral perfume"
        },
        {
          "name": "Save 15% on 100s of fragrances",
          "label": "fragrance > fragrance offers > Save 15% on 100s of fragrances"
        },
        {
          "name": "all perfumes",
          "label": "gift > gifts for her > all perfumes"
        }
      ]
    ],
    "reviews": {
      "average": 4.45,
      "count": 2250,
      "rounded": 4
    },
    "parent": {
      "product": "1711841",
      "partNumber": "10198317.P",
      "model": "10198317",
      "manufacturerModel": "6316697"
    },
    "images": {
      "thumbnail": "https://boots.scene7.com/is/image/Boots/10198317?wid=45&hei=60&op_sharpen=1"
    },
    "offers": [
      {
        "text": "Save up to 20 percent on selected fragrances"
      }
    ],
    "actions": {},
    "iconUri": "https://boots.scene7.com/is/image/Boots/10198317?op_sharpen=1",
    "title": "Gucci Bamboo for Her Eau de Parfum 30ml",
    "referenceUri": "/gucci-bamboo-eau-de-parfum-30ml-10198317",
    "canAddToBasket": "yes",
    "opticians": false,
    "inStock": true,
    "expressDelivery": false,
    "hasOtherPromotion": true,
    "channelPromotionalTextMap": {
      "-1": [
        "Save up to 20 percent on selected fragrances"
      ],
      "-6": [
        "Save up to 20 percent on selected fragrances"
      ]
    },
    "adCardPoints": 153
  },
  {
    "_id": {
      "$oid": "65ec108d9884656b92f55735"
    },
    "ppuQuantity": "50ML",
    "pricing": {
      "perUnit": "£158.40 per 100ML",
      "regular": {
        "value": 99,
        "currency": "GBP",
        "text": "£99.00"
      },
      "current": {
        "value": 79.2,
        "currency": "GBP",
        "text": "£79.20"
      },
      "saving": {
        "value": 19.8,
        "currency": "GBP",
        "text": "£19.80"
      }
    },
    "objectId": "2929125",
    "brand": "Gucci",
    "attributes": {
      "fragrance_scent": "floral",
      "product_type": "body spray",
      "size": "41-50",
      "StockOverrideMessage": "STOCK_COMING_SOON",
      "gender": "womens",
      "fragrance_type": "eau de parfum",
      "format": "spray",
      "hasPriceAdvantageDeal": false,
      "ProductReviewFlag": "1"
    },
    "variants": {
      "colours": [],
      "hasColours": false,
      "hasSizes": false
    },
    "categories": [
      [
        {
          "name": "new in",
          "label": "new in"
        },
        {
          "name": "fragrance",
          "label": "fragrance"
        },
        {
          "name": "gift",
          "label": "gift"
        },
        {
          "name": "mother's day",
          "label": "mother's day"
        }
      ],
      [
        {
          "name": "new in fragrance",
          "label": "new in > new in fragrance"
        },
        {
          "name": "perfume",
          "label": "fragrance > perfume"
        },
        {
          "name": "gifts for her",
          "label": "gift > gifts for her"
        },
        {
          "name": "new in fragrance",
          "label": "fragrance > new in fragrance"
        },
        {
          "name": "shop all",
          "label": "mother's day > shop all"
        }
      ],
      [
        {
          "name": "all perfumes",
          "label": "fragrance > perfume > all perfumes"
        },
        {
          "name": "floral perfume",
          "label": "fragrance > perfume > floral perfume"
        },
        {
          "name": "all perfumes",
          "label": "gift > gifts for her > all perfumes"
        }
      ]
    ],
    "reviews": {
      "average": 4.35,
      "count": 733,
      "rounded": 4
    },
    "parent": {
      "product": "2929124",
      "partNumber": "10339725.P",
      "model": "10339725",
      "manufacturerModel": "2219603"
    },
    "images": {
      "thumbnail": "https://boots.scene7.com/is/image/Boots/10339725?wid=45&hei=60&op_sharpen=1"
    },
    "offers": [
      {
        "text": "Save up to 20 percent on selected fragrances"
      }
    ],
    "actions": {},
    "iconUri": "https://boots.scene7.com/is/image/Boots/10339725?op_sharpen=1",
    "title": "Gucci Bloom for Her Eau de Parfum Intense 50ml",
    "referenceUri": "/gucci-bloom-for-her-eau-de-parfum-intense-50ml-10339725",
    "canAddToBasket": "yes",
    "opticians": false,
    "inStock": true,
    "expressDelivery": false,
    "hasOtherPromotion": true,
    "channelPromotionalTextMap": {
      "-1": [
        "Save up to 20 percent on selected fragrances"
      ],
      "-6": [
        "Save up to 20 percent on selected fragrances"
      ]
    },
    "adCardPoints": 237
  },
  {
    "_id": {
      "$oid": "65ec108d9884656b92f55736"
    },
    "ppuQuantity": "50ML",
    "pricing": {
      "perUnit": "£131.20 per 100ML",
      "regular": {
        "value": 82,
        "currency": "GBP",
        "text": "£82.00"
      },
      "current": {
        "value": 65.6,
        "currency": "GBP",
        "text": "£65.60"
      },
      "saving": {
        "value": 16.4,
        "currency": "GBP",
        "text": "£16.40"
      }
    },
    "objectId": "2488042",
    "brand": "Gucci",
    "attributes": {
      "fragrance_scent": "amber",
      "StockOverrideMessage": "STOCK_COMING_SOON",
      "size": "41-50",
      "gender": "womens",
      "fragrance_type": "eau de toilette",
      "format": "spray",
      "hasPriceAdvantageDeal": false,
      "Reporting_Category": "fragrance",
      "ProductReviewFlag": "1"
    },
    "variants": {
      "colours": [],
      "hasColours": false,
      "hasSizes": false
    },
    "categories": [
      [
        {
          "name": "fragrance",
          "label": "fragrance"
        },
        {
          "name": "gift",
          "label": "gift"
        }
      ],
      [
        {
          "name": "fragrance offers",
          "label": "fragrance > fragrance offers"
        },
        {
          "name": "perfume",
          "label": "fragrance > perfume"
        },
        {
          "name": "gifts for her",
          "label": "gift > gifts for her"
        }
      ],
      [
        {
          "name": "all perfumes",
          "label": "fragrance > perfume > all perfumes"
        },
        {
          "name": "amber perfume",
          "label": "fragrance > perfume > amber perfume"
        },
        {
          "name": "all perfumes",
          "label": "gift > gifts for her > all perfumes"
        }
      ]
    ],
    "reviews": {
      "average": 4.22,
      "count": 1189,
      "rounded": 4
    },
    "parent": {
      "product": "2488041",
      "partNumber": "10290760.P",
      "model": "10290760",
      "manufacturerModel": "2347393"
    },
    "images": {
      "thumbnail": "https://boots.scene7.com/is/image/Boots/10290760?wid=45&hei=60&op_sharpen=1"
    },
    "offers": [
      {
        "text": "Save up to 20 percent on selected fragrances"
      }
    ],
    "actions": {},
    "iconUri": "https://boots.scene7.com/is/image/Boots/10290760?op_sharpen=1",
    "title": "Gucci Guilty Eau de Toilette For Her 50ml",
    "referenceUri": "/gucci-guilty-eau-de-toilette-for-her-50ml-10290760",
    "canAddToBasket": "yes",
    "opticians": false,
    "inStock": true,
    "expressDelivery": false,
    "hasOtherPromotion": true,
    "channelPromotionalTextMap": {
      "-1": [
        "Save up to 20 percent on selected fragrances"
      ],
      "-6": [
        "Save up to 20 percent on selected fragrances"
      ]
    },
    "adCardPoints": 195
  },
  {
    "_id": {
      "$oid": "65ec108d9884656b92f55737"
    },
    "ppuQuantity": "50ML",
    "pricing": {
      "perUnit": "£131.20 per 100ML",
      "regular": {
        "value": 82,
        "currency": "GBP",
        "text": "£82.00"
      },
      "current": {
        "value": 65.6,
        "currency": "GBP",
        "text": "£65.60"
      },
      "saving": {
        "value": 16.4,
        "currency": "GBP",
        "text": "£16.40"
      }
    },
    "objectId": "2650128",
    "brand": "Gucci",
    "attributes": {
      "fragrance_scent": "floral",
      "size": "41-50",
      "gender": "womens",
      "fragrance_type": "eau de toilette",
      "format": "spray",
      "hasPriceAdvantageDeal": false,
      "Reporting_Category": "fragrance",
      "body_area": "body",
      "ProductReviewFlag": "1"
    },
    "variants": {
      "colours": [],
      "hasColours": false,
      "hasSizes": false
    },
    "categories": [
      [
        {
          "name": "new in",
          "label": "new in"
        },
        {
          "name": "fragrance",
          "label": "fragrance"
        },
        {
          "name": "gift",
          "label": "gift"
        }
      ],
      [
        {
          "name": "perfume",
          "label": "fragrance > perfume"
        },
        {
          "name": "gifts for her",
          "label": "gift > gifts for her"
        },
        {
          "name": "fragrance offers",
          "label": "fragrance > fragrance offers"
        },
        {
          "name": "Eid gifts",
          "label": "gift > Eid gifts"
        }
      ],
      [
        {
          "name": "all perfumes",
          "label": "fragrance > perfume > all perfumes"
        },
        {
          "name": "floral perfume",
          "label": "fragrance > perfume > floral perfume"
        },
        {
          "name": "all perfumes",
          "label": "gift > gifts for her > all perfumes"
        }
      ]
    ],
    "reviews": {
      "average": 4.13,
      "count": 660,
      "rounded": 4
    },
    "parent": {
      "product": "2650127",
      "partNumber": "10308159.P",
      "model": "10308159",
      "manufacturerModel": "1105906"
    },
    "images": {
      "thumbnail": "https://boots.scene7.com/is/image/Boots/10308159?wid=45&hei=60&op_sharpen=1"
    },
    "offers": [
      {
        "text": "Save up to 20 percent on selected fragrances"
      }
    ],
    "actions": {},
    "iconUri": "https://boots.scene7.com/is/image/Boots/10308159?op_sharpen=1",
    "title": "Gucci Bloom for Her Eau de Toilette 50ml",
    "referenceUri": "/gucci-bloom-eau-de-toilette-50ml-10308159",
    "canAddToBasket": "yes",
    "opticians": false,
    "inStock": true,
    "expressDelivery": false,
    "hasOtherPromotion": true,
    "channelPromotionalTextMap": {
      "-1": [
        "Save up to 20 percent on selected fragrances"
      ],
      "-6": [
        "Save up to 20 percent on selected fragrances"
      ]
    },
    "adCardPoints": 195
  },
  {
    "_id": {
      "$oid": "65ec108d9884656b92f55738"
    },
    "ppuQuantity": "90ML",
    "pricing": {
      "perUnit": "£102.22 per 100ML",
      "regular": {
        "value": 115,
        "currency": "GBP",
        "text": "£115.00"
      },
      "current": {
        "value": 92,
        "currency": "GBP",
        "text": "£92.00"
      },
      "saving": {
        "value": 23,
        "currency": "GBP",
        "text": "£23.00"
      }
    },
    "objectId": "2488044",
    "brand": "Gucci",
    "attributes": {
      "fragrance_scent": "amber",
      "gender": "womens",
      "fragrance_type": "eau de toilette",
      "recipient": "gifts for women",
      "hasPriceAdvantageDeal": false,
      "Reporting_Category": "fragrance",
      "gift_type": "fragrance gifts",
      "ProductReviewFlag": "1"
    },
    "variants": {
      "colours": [],
      "hasColours": false,
      "hasSizes": false
    },
    "categories": [
      [
        {
          "name": "fragrance",
          "label": "fragrance"
        },
        {
          "name": "gift",
          "label": "gift"
        }
      ],
      [
        {
          "name": "fragrance offers",
          "label": "fragrance > fragrance offers"
        },
        {
          "name": "perfume",
          "label": "fragrance > perfume"
        },
        {
          "name": "gifts for her",
          "label": "gift > gifts for her"
        }
      ],
      [
        {
          "name": "all perfumes",
          "label": "fragrance > perfume > all perfumes"
        },
        {
          "name": "amber perfume",
          "label": "fragrance > perfume > amber perfume"
        },
        {
          "name": "all perfumes",
          "label": "gift > gifts for her > all perfumes"
        }
      ]
    ],
    "reviews": {
      "average": 4.21,
      "count": 1180,
      "rounded": 4
    },
    "parent": {
      "product": "2488043",
      "partNumber": "10290761.P",
      "model": "10290761",
      "manufacturerModel": "2347466"
    },
    "images": {
      "thumbnail": "https://boots.scene7.com/is/image/Boots/10290761?wid=45&hei=60&op_sharpen=1"
    },
    "offers": [
      {
        "text": "Save up to 20 percent on selected fragrances"
      }
    ],
    "actions": {},
    "iconUri": "https://boots.scene7.com/is/image/Boots/10290761?op_sharpen=1",
    "title": "Gucci Guilty Eau de Toilette For Her 90ml",
    "referenceUri": "/gucci-guilty-eau-de-toilette-her-90ml-10290761",
    "canAddToBasket": "yes",
    "opticians": false,
    "inStock": true,
    "expressDelivery": false,
    "hasOtherPromotion": true,
    "channelPromotionalTextMap": {
      "-1": [
        "Save up to 20 percent on selected fragrances"
      ],
      "-6": [
        "Save up to 20 percent on selected fragrances"
      ]
    },
    "adCardPoints": 276
  },
  {
    "_id": {
      "$oid": "65ec108d9884656b92f55739"
    },
    "ppuQuantity": "100ML",
    "pricing": {
      "perUnit": "£92.00 per 100ML",
      "regular": {
        "value": 115,
        "currency": "GBP",
        "text": "£115.00"
      },
      "current": {
        "value": 92,
        "currency": "GBP",
        "text": "£92.00"
      },
      "saving": {
        "value": 23,
        "currency": "GBP",
        "text": "£23.00"
      }
    },
    "objectId": "2650130",
    "brand": "Gucci",
    "attributes": {
      "fragrance_scent": "floral",
      "gender": "womens",
      "size": "71-100",
      "fragrance_type": "eau de toilette",
      "format": "spray",
      "hasPriceAdvantageDeal": false,
      "Reporting_Category": "fragrance",
      "body_area": "body",
      "ProductReviewFlag": "1"
    },
    "variants": {
      "colours": [],
      "hasColours": false,
      "hasSizes": false
    },
    "categories": [
      [
        {
          "name": "gift",
          "label": "gift"
        },
        {
          "name": "fragrance",
          "label": "fragrance"
        }
      ],
      [
        {
          "name": "Eid gifts",
          "label": "gift > Eid gifts"
        },
        {
          "name": "perfume",
          "label": "fragrance > perfume"
        },
        {
          "name": "gifts for her",
          "label": "gift > gifts for her"
        },
        {
          "name": "fragrance offers",
          "label": "fragrance > fragrance offers"
        },
        {
          "name": "luxury fragrance",
          "label": "fragrance > luxury fragrance"
        }
      ],
      [
        {
          "name": "all perfumes",
          "label": "fragrance > perfume > all perfumes"
        },
        {
          "name": "floral perfume",
          "label": "fragrance > perfume > floral perfume"
        },
        {
          "name": "all perfumes",
          "label": "gift > gifts for her > all perfumes"
        }
      ]
    ],
    "reviews": {
      "average": 4.13,
      "count": 660,
      "rounded": 4
    },
    "parent": {
      "product": "2650129",
      "partNumber": "10308160.P",
      "model": "10308160",
      "manufacturerModel": "1105922"
    },
    "images": {
      "thumbnail": "https://boots.scene7.com/is/image/Boots/10308160?wid=45&hei=60&op_sharpen=1"
    },
    "offers": [
      {
        "text": "Save up to 20 percent on selected fragrances"
      }
    ],
    "actions": {},
    "iconUri": "https://boots.scene7.com/is/image/Boots/10308160?op_sharpen=1",
    "title": "Gucci Bloom for Her Eau de Toilette 100ml",
    "referenceUri": "/gucci-bloom-eau-de-toilette-100ml-10308160",
    "canAddToBasket": "yes",
    "opticians": false,
    "inStock": true,
    "expressDelivery": false,
    "hasOtherPromotion": true,
    "channelPromotionalTextMap": {
      "-1": [
        "Save up to 20 percent on selected fragrances"
      ],
      "-6": [
        "Save up to 20 percent on selected fragrances"
      ]
    },
    "adCardPoints": 276
  },
  {
    "_id": {
      "$oid": "65ec108d9884656b92f5573a"
    },
    "ppuQuantity": "30ML",
    "pricing": {
      "perUnit": "£204.00 per 100ML",
      "regular": {
        "value": 72,
        "currency": "GBP",
        "text": "£72.00"
      },
      "current": {
        "value": 61.2,
        "currency": "GBP",
        "text": "£61.20"
      },
      "saving": {
        "value": 10.8,
        "currency": "GBP",
        "text": "£10.80"
      }
    },
    "objectId": "2921097",
    "brand": "Lancome",
    "attributes": {
      "fragrance_scent": "floral",
      "product_type": "body spray",
      "gender": "womens",
      "StockOverrideMessage": "STOCK_COMING_SOON",
      "size": "21-30",
      "fragrance_type": "eau de parfum",
      "format": "spray",
      "hasPriceAdvantageDeal": false,
      "ProductReviewFlag": "1"
    },
    "variants": {
      "colours": [],
      "hasColours": false,
      "hasSizes": false
    },
    "categories": [
      [
        {
          "name": "new in",
          "label": "new in"
        },
        {
          "name": "fragrance",
          "label": "fragrance"
        },
        {
          "name": "gift",
          "label": "gift"
        },
        {
          "name": "mother's day",
          "label": "mother's day"
        }
      ],
      [
        {
          "name": "new in fragrance",
          "label": "new in > new in fragrance"
        },
        {
          "name": "perfume",
          "label": "fragrance > perfume"
        },
        {
          "name": "recommended",
          "label": "fragrance > recommended"
        },
        {
          "name": "gifts for her",
          "label": "gift > gifts for her"
        },
        {
          "name": "new in fragrance",
          "label": "fragrance > new in fragrance"
        },
        {
          "name": "shop all",
          "label": "mother's day > shop all"
        }
      ],
      [
        {
          "name": "all perfumes",
          "label": "fragrance > perfume > all perfumes"
        },
        {
          "name": "floral perfume",
          "label": "fragrance > perfume > floral perfume"
        },
        {
          "name": "best floral perfumes",
          "label": "fragrance > recommended > best floral perfumes"
        },
        {
          "name": "all perfumes",
          "label": "gift > gifts for her > all perfumes"
        }
      ]
    ],
    "reviews": {
      "average": 4.9,
      "count": 69,
      "rounded": 4
    },
    "parent": {
      "product": "2921096",
      "partNumber": "10338781.P",
      "model": "10338781",
      "manufacturerModel": "2002892"
    },
    "images": {
      "thumbnail": "https://boots.scene7.com/is/image/Boots/10338781?wid=45&hei=60&op_sharpen=1"
    },
    "offers": [
      {
        "text": "Free gift when you buy selected Lancome - whilst stocks last"
      },
      {
        "text": "Save up to 20 percent on selected fragrances"
      }
    ],
    "actions": {},
    "iconUri": "https://boots.scene7.com/is/image/Boots/10338781?op_sharpen=1",
    "title": "Lancôme La Vie Est Belle Rose Extraordinaire Eau de Parfum 30ml",
    "referenceUri": "/lancome-la-vie-est-belle-rose-extraordinaire-eau-de-parfum-30ml-10338781",
    "canAddToBasket": "yes",
    "opticians": false,
    "inStock": true,
    "expressDelivery": false,
    "hasOtherPromotion": true,
    "channelPromotionalTextMap": {
      "-1": [
        "Free gift when you buy selected Lancome - whilst stocks last",
        "Save up to 20 percent on selected fragrances"
      ],
      "-6": [
        "Free gift when you buy selected Lancome - whilst stocks last",
        "Save up to 20 percent on selected fragrances"
      ]
    },
    "adCardPoints": 183
  },
  {
    "_id": {
      "$oid": "65ec108d9884656b92f5573b"
    },
    "ppuQuantity": "100ML",
    "pricing": {
      "perUnit": "£106.25 per 100ML",
      "regular": {
        "value": 125,
        "currency": "GBP",
        "text": "£125.00"
      },
      "current": {
        "value": 106.25,
        "currency": "GBP",
        "text": "£106.25"
      },
      "saving": {
        "value": 18.75,
        "currency": "GBP",
        "text": "£18.75"
      }
    },
    "objectId": "1431518",
    "brand": "Lancome",
    "attributes": {
      "fragrance_scent": [
        "jasmine",
        "fruity",
        "woody",
        "floral"
      ],
      "gender": "womens",
      "StockOverrideMessage": "STOCK_COMING_SOON",
      "size": "71-100",
      "Size": "100ml",
      "parentCategory_UK": "33071",
      "fragrance_type": "eau de parfum",
      "recipient": "gifts for women",
      "hasPriceAdvantageDeal": false,
      "Reporting_Category": "fragrance",
      "gift_type": "fragrance gifts",
      "ProductReviewFlag": "1"
    },
    "variants": {
      "colours": [],
      "hasColours": false,
      "hasSizes": false
    },
    "categories": [
      [
        {
          "name": "gift",
          "label": "gift"
        },
        {
          "name": "fragrance",
          "label": "fragrance"
        },
        {
          "name": "sun & holiday",
          "label": "sun & holiday"
        }
      ],
      [
        {
          "name": "all gifts",
          "label": "gift > all gifts"
        },
        {
          "name": "perfume",
          "label": "fragrance > perfume"
        },
        {
          "name": "fragrance offers",
          "label": "fragrance > fragrance offers"
        },
        {
          "name": "recommended",
          "label": "fragrance > recommended"
        },
        {
          "name": "love island",
          "label": "sun & holiday > love island"
        },
        {
          "name": "gifts for her",
          "label": "gift > gifts for her"
        },
        {
          "name": "gift by occasion",
          "label": "gift > gift by occasion"
        },
        {
          "name": "birthday gifts",
          "label": "gift > birthday gifts"
        }
      ],
      [
        {
          "name": "all perfumes",
          "label": "fragrance > perfume > all perfumes"
        },
        {
          "name": "floral perfume",
          "label": "fragrance > perfume > floral perfume"
        },
        {
          "name": "Triple points on top scents",
          "label": "fragrance > fragrance offers > Triple points on top scents"
        },
        {
          "name": "Collect £10 worth of points when you spend £60",
          "label": "fragrance > fragrance offers > Collect £10 worth of points when you spend £60"
        },
        {
          "name": "save up to 20% on fragrance",
          "label": "fragrance > fragrance offers > save up to 20% on fragrance"
        },
        {
          "name": "personalise your perfect gift",
          "label": "fragrance > fragrance offers > personalise your perfect gift"
        },
        {
          "name": "Save 15% on 100s of fragrances",
          "label": "fragrance > fragrance offers > Save 15% on 100s of fragrances"
        },
        {
          "name": "best floral perfumes",
          "label": "fragrance > recommended > best floral perfumes"
        },
        {
          "name": "shop the love island villa",
          "label": "sun & holiday > love island > shop the love island villa"
        },
        {
          "name": "all perfumes",
          "label": "gift > gifts for her > all perfumes"
        },
        {
          "name": "wedding gifts",
          "label": "gift > gift by occasion > wedding gifts"
        }
      ]
    ],
    "reviews": {
      "average": 4.74,
      "count": 12001,
      "rounded": 4
    },
    "parent": {
      "product": "1431517",
      "partNumber": "10169204.P",
      "model": "10169204",
      "manufacturerModel": "1854356"
    },
    "images": {
      "thumbnail": "https://boots.scene7.com/is/image/Boots/10169204?wid=45&hei=60&op_sharpen=1"
    },
    "offers": [
      {
        "text": "Free gift when you buy 3 selected Lancome Products, 1 to be Skincare - whilst stocks last"
      },
      {
        "text": "Free gift when you buy selected Lancome - whilst stocks last"
      },
      {
        "text": "Save up to 20 percent on selected fragrances"
      }
    ],
    "actions": {},
    "iconUri": "https://boots.scene7.com/is/image/Boots/10169204?op_sharpen=1",
    "title": "Lancôme La Vie Est Belle Eau De Parfum 100ml",
    "referenceUri": "/lancome-la-vie-est-belle-eau-de-parfum-100ml-10169204",
    "canAddToBasket": "yes",
    "opticians": false,
    "inStock": true,
    "expressDelivery": false,
    "hasOtherPromotion": true,
    "channelPromotionalTextMap": {
      "-1": [
        "Free gift when you buy 3 selected Lancome Products, 1 to be Skincare - whilst stocks last",
        "Free gift when you buy selected Lancome - whilst stocks last",
        "Save up to 20 percent on selected fragrances"
      ],
      "-6": [
        "Free gift when you buy 3 selected Lancome Products, 1 to be Skincare - whilst stocks last",
        "Free gift when you buy selected Lancome - whilst stocks last",
        "Save up to 20 percent on selected fragrances"
      ]
    },
    "adCardPoints": 318
  },
  {
    "_id": {
      "$oid": "65ec108d9884656b92f5573c"
    },
    "ppuQuantity": "30ML",
    "pricing": {
      "perUnit": "£189.83 per 100ML",
      "regular": {
        "value": 67,
        "currency": "GBP",
        "text": "£67.00"
      },
      "current": {
        "value": 56.95,
        "currency": "GBP",
        "text": "£56.95"
      },
      "saving": {
        "value": 10.05,
        "currency": "GBP",
        "text": "£10.05"
      }
    },
    "objectId": "1276737",
    "brand": "Lancome",
    "attributes": {
      "fragrance_scent": [
        "fruity",
        "floral"
      ],
      "size": "21-30",
      "gender": "womens",
      "StockOverrideMessage": "STOCK_COMING_SOON",
      "Size": "30ml",
      "parentCategory_UK": "33071",
      "fragrance_type": "eau de parfum",
      "hasPriceAdvantageDeal": false,
      "Reporting_Category": "fragrance",
      "ProductReviewFlag": "1"
    },
    "variants": {
      "colours": [],
      "hasColours": false,
      "hasSizes": false
    },
    "categories": [
      [
        {
          "name": "fragrance",
          "label": "fragrance"
        },
        {
          "name": "gift",
          "label": "gift"
        }
      ],
      [
        {
          "name": "5* rated perfumes & aftershaves",
          "label": "fragrance > 5* rated perfumes & aftershaves"
        },
        {
          "name": "perfume",
          "label": "fragrance > perfume"
        },
        {
          "name": "fragrance offers",
          "label": "fragrance > fragrance offers"
        },
        {
          "name": "gifts for her",
          "label": "gift > gifts for her"
        },
        {
          "name": "gift by occasion",
          "label": "gift > gift by occasion"
        }
      ],
      [
        {
          "name": "all perfumes",
          "label": "fragrance > perfume > all perfumes"
        },
        {
          "name": "floral perfume",
          "label": "fragrance > perfume > floral perfume"
        },
        {
          "name": "Save 15% on 100s of fragrances",
          "label": "fragrance > fragrance offers > Save 15% on 100s of fragrances"
        },
        {
          "name": "all perfumes",
          "label": "gift > gifts for her > all perfumes"
        },
        {
          "name": "wedding gifts",
          "label": "gift > gift by occasion > wedding gifts"
        }
      ]
    ],
    "reviews": {
      "average": 4.74,
      "count": 12050,
      "rounded": 4
    },
    "parent": {
      "product": "1276736",
      "partNumber": "10145848.P",
      "model": "10145848",
      "manufacturerModel": "7824378"
    },
    "images": {
      "thumbnail": "https://boots.scene7.com/is/image/Boots/10145848?wid=45&hei=60&op_sharpen=1"
    },
    "offers": [
      {
        "text": "Save up to 20 percent on selected fragrances"
      }
    ],
    "actions": {},
    "iconUri": "https://boots.scene7.com/is/image/Boots/10145848?op_sharpen=1",
    "title": "Lancôme La Vie Est Belle Eau de Parfum 30ml",
    "referenceUri": "/lancome-la-vie-est-belle-eau-de-parfum-30ml-10145848",
    "canAddToBasket": "yes",
    "opticians": false,
    "inStock": true,
    "expressDelivery": false,
    "hasOtherPromotion": true,
    "channelPromotionalTextMap": {
      "-1": [
        "Save up to 20 percent on selected fragrances"
      ],
      "-6": [
        "Save up to 20 percent on selected fragrances"
      ]
    },
    "adCardPoints": 168
  },
  {
    "_id": {
      "$oid": "65ec108d9884656b92f5573d"
    },
    "ppuQuantity": "30ML",
    "pricing": {
      "perUnit": "£125.00 per 100ML",
      "regular": {
        "value": 50,
        "currency": "GBP",
        "text": "£50.00"
      },
      "current": {
        "value": 37.5,
        "currency": "GBP",
        "text": "£37.50"
      },
      "saving": {
        "value": 12.5,
        "currency": "GBP",
        "text": "£12.50"
      }
    },
    "objectId": "5918",
    "brand": "Lancome",
    "attributes": {
      "fragrance_scent": [
        "floral",
        "fruity",
        "amber"
      ],
      "StockOverrideMessage": "STOCK_COMING_SOON",
      "gender": "womens",
      "size": "21-30",
      "Size": "30 ml",
      "parentCategory_UK": "33071",
      "fragrance_type": "eau de parfum",
      "hasPriceAdvantageDeal": false,
      "Reporting_Category": "fragrance",
      "ProductReviewFlag": "1"
    },
    "variants": {
      "colours": [],
      "hasColours": false,
      "hasSizes": false
    },
    "categories": [
      [
        {
          "name": "fragrance",
          "label": "fragrance"
        },
        {
          "name": "gift",
          "label": "gift"
        }
      ],
      [
        {
          "name": "5* rated perfumes & aftershaves",
          "label": "fragrance > 5* rated perfumes & aftershaves"
        },
        {
          "name": "perfume",
          "label": "fragrance > perfume"
        },
        {
          "name": "fragrance offers",
          "label": "fragrance > fragrance offers"
        },
        {
          "name": "gifts for her",
          "label": "gift > gifts for her"
        }
      ],
      [
        {
          "name": "all perfumes",
          "label": "fragrance > perfume > all perfumes"
        },
        {
          "name": "floral perfume",
          "label": "fragrance > perfume > floral perfume"
        },
        {
          "name": "amber perfume",
          "label": "fragrance > perfume > amber perfume"
        },
        {
          "name": "save up to half price",
          "label": "fragrance > fragrance offers > save up to half price"
        },
        {
          "name": "save up to 60 percent",
          "label": "fragrance > fragrance offers > save up to 60 percent"
        },
        {
          "name": "Save 15% on 100s of fragrances",
          "label": "fragrance > fragrance offers > Save 15% on 100s of fragrances"
        },
        {
          "name": "all perfumes",
          "label": "gift > gifts for her > all perfumes"
        }
      ]
    ],
    "reviews": {
      "average": 4.78,
      "count": 348,
      "rounded": 4
    },
    "parent": {
      "product": "5917",
      "partNumber": "10018544.P",
      "model": "10018544",
      "manufacturerModel": "4224272"
    },
    "images": {
      "thumbnail": "https://boots.scene7.com/is/image/Boots/10018544?wid=45&hei=60&op_sharpen=1"
    },
    "offers": [
      {
        "text": "Save up to 1/2 price on selected fragrances"
      }
    ],
    "actions": {},
    "iconUri": "https://boots.scene7.com/is/image/Boots/10018544?op_sharpen=1",
    "title": "Lancôme Miracle Eau De Parfum 30ml",
    "referenceUri": "/lancome-miracle-eau-de-parfum-30ml-10018544",
    "canAddToBasket": "yes",
    "opticians": false,
    "inStock": true,
    "expressDelivery": false,
    "hasOtherPromotion": true,
    "channelPromotionalTextMap": {
      "-1": [
        "Save up to 1/2 price on selected fragrances"
      ],
      "-6": [
        "Save up to 1/2 price on selected fragrances"
      ]
    },
    "adCardPoints": 111
  },
  {
    "_id": {
      "$oid": "65ec108d9884656b92f5573e"
    },
    "ppuQuantity": "100ML",
    "pricing": {
      "perUnit": "£119.00 per 100ML",
      "regular": {
        "value": 140,
        "currency": "GBP",
        "text": "£140.00"
      },
      "current": {
        "value": 119,
        "currency": "GBP",
        "text": "£119.00"
      },
      "saving": {
        "value": 21,
        "currency": "GBP",
        "text": "£21.00"
      }
    },
    "objectId": "2921103",
    "brand": "Lancome",
    "attributes": {
      "fragrance_scent": "floral",
      "product_type": "body spray",
      "size": "71-100",
      "gender": "womens",
      "StockOverrideMessage": "STOCK_COMING_SOON",
      "fragrance_type": "eau de parfum",
      "format": "spray",
      "hasPriceAdvantageDeal": false,
      "ProductReviewFlag": "1"
    },
    "variants": {
      "colours": [],
      "hasColours": false,
      "hasSizes": false
    },
    "categories": [
      [
        {
          "name": "new in",
          "label": "new in"
        },
        {
          "name": "fragrance",
          "label": "fragrance"
        },
        {
          "name": "gift",
          "label": "gift"
        },
        {
          "name": "mother's day",
          "label": "mother's day"
        }
      ],
      [
        {
          "name": "new in fragrance",
          "label": "new in > new in fragrance"
        },
        {
          "name": "perfume",
          "label": "fragrance > perfume"
        },
        {
          "name": "recommended",
          "label": "fragrance > recommended"
        },
        {
          "name": "gifts for her",
          "label": "gift > gifts for her"
        },
        {
          "name": "new in fragrance",
          "label": "fragrance > new in fragrance"
        },
        {
          "name": "shop all",
          "label": "mother's day > shop all"
        }
      ],
      [
        {
          "name": "all perfumes",
          "label": "fragrance > perfume > all perfumes"
        },
        {
          "name": "floral perfume",
          "label": "fragrance > perfume > floral perfume"
        },
        {
          "name": "best floral perfumes",
          "label": "fragrance > recommended > best floral perfumes"
        },
        {
          "name": "all perfumes",
          "label": "gift > gifts for her > all perfumes"
        }
      ]
    ],
    "reviews": {
      "average": 4.9,
      "count": 68,
      "rounded": 4
    },
    "parent": {
      "product": "2921102",
      "partNumber": "10338783.P",
      "model": "10338783",
      "manufacturerModel": "2002914"
    },
    "images": {
      "thumbnail": "https://boots.scene7.com/is/image/Boots/10338783?wid=45&hei=60&op_sharpen=1"
    },
    "offers": [
      {
        "text": "Free gift when you buy 3 selected Lancome Products, 1 to be Skincare - whilst stocks last"
      },
      {
        "text": "Free gift when you buy selected Lancome - whilst stocks last"
      },
      {
        "text": "Save up to 20 percent on selected fragrances"
      }
    ],
    "actions": {},
    "iconUri": "https://boots.scene7.com/is/image/Boots/10338783?op_sharpen=1",
    "title": "Lancôme La Vie Est Belle Rose Extraordinaire Eau de Parfum 100ml",
    "referenceUri": "/lancome-la-vie-est-belle-rose-extraordinaire-eau-de-parfum-100ml-10338783",
    "canAddToBasket": "yes",
    "opticians": false,
    "inStock": true,
    "expressDelivery": false,
    "hasOtherPromotion": true,
    "channelPromotionalTextMap": {
      "-1": [
        "Free gift when you buy 3 selected Lancome Products, 1 to be Skincare - whilst stocks last",
        "Free gift when you buy selected Lancome - whilst stocks last",
        "Save up to 20 percent on selected fragrances"
      ],
      "-6": [
        "Free gift when you buy 3 selected Lancome Products, 1 to be Skincare - whilst stocks last",
        "Free gift when you buy selected Lancome - whilst stocks last",
        "Save up to 20 percent on selected fragrances"
      ]
    },
    "adCardPoints": 357
  },
  {
    "_id": {
      "$oid": "65ec108d9884656b92f5573f"
    },
    "ppuQuantity": "50ML",
    "pricing": {
      "perUnit": "£178.50 per 100ML",
      "regular": {
        "value": 105,
        "currency": "GBP",
        "text": "£105.00"
      },
      "current": {
        "value": 89.25,
        "currency": "GBP",
        "text": "£89.25"
      },
      "saving": {
        "value": 15.75,
        "currency": "GBP",
        "text": "£15.75"
      }
    },
    "objectId": "2921101",
    "brand": "Lancome",
    "attributes": {
      "fragrance_scent": "floral",
      "product_type": "body spray",
      "gender": "womens",
      "size": "41-50",
      "StockOverrideMessage": "STOCK_COMING_SOON",
      "fragrance_type": "eau de parfum",
      "format": "spray",
      "hasPriceAdvantageDeal": false,
      "ProductReviewFlag": "1"
    },
    "variants": {
      "colours": [],
      "hasColours": false,
      "hasSizes": false
    },
    "categories": [
      [
        {
          "name": "new in",
          "label": "new in"
        },
        {
          "name": "fragrance",
          "label": "fragrance"
        },
        {
          "name": "gift",
          "label": "gift"
        },
        {
          "name": "mother's day",
          "label": "mother's day"
        }
      ],
      [
        {
          "name": "new in fragrance",
          "label": "new in > new in fragrance"
        },
        {
          "name": "perfume",
          "label": "fragrance > perfume"
        },
        {
          "name": "recommended",
          "label": "fragrance > recommended"
        },
        {
          "name": "gifts for her",
          "label": "gift > gifts for her"
        },
        {
          "name": "new in fragrance",
          "label": "fragrance > new in fragrance"
        },
        {
          "name": "shop all",
          "label": "mother's day > shop all"
        }
      ],
      [
        {
          "name": "all perfumes",
          "label": "fragrance > perfume > all perfumes"
        },
        {
          "name": "floral perfume",
          "label": "fragrance > perfume > floral perfume"
        },
        {
          "name": "best floral perfumes",
          "label": "fragrance > recommended > best floral perfumes"
        },
        {
          "name": "all perfumes",
          "label": "gift > gifts for her > all perfumes"
        }
      ]
    ],
    "reviews": {
      "average": 4.9,
      "count": 69,
      "rounded": 4
    },
    "parent": {
      "product": "2921100",
      "partNumber": "10338782.P",
      "model": "10338782",
      "manufacturerModel": "2002906"
    },
    "images": {
      "thumbnail": "https://boots.scene7.com/is/image/Boots/10338782?wid=45&hei=60&op_sharpen=1"
    },
    "offers": [
      {
        "text": "Free gift when you buy 3 selected Lancome Products, 1 to be Skincare - whilst stocks last"
      },
      {
        "text": "Free gift when you buy selected Lancome - whilst stocks last"
      },
      {
        "text": "Save up to 20 percent on selected fragrances"
      }
    ],
    "actions": {},
    "iconUri": "https://boots.scene7.com/is/image/Boots/10338782?op_sharpen=1",
    "title": "Lancôme La Vie Est Belle Rose Extraordinaire Eau de Parfum 50ml",
    "referenceUri": "/lancome-la-vie-est-belle-rose-extraordinaire-eau-de-parfum-50ml-10338782",
    "canAddToBasket": "yes",
    "opticians": false,
    "inStock": true,
    "expressDelivery": false,
    "hasOtherPromotion": true,
    "channelPromotionalTextMap": {
      "-1": [
        "Free gift when you buy 3 selected Lancome Products, 1 to be Skincare - whilst stocks last",
        "Free gift when you buy selected Lancome - whilst stocks last",
        "Save up to 20 percent on selected fragrances"
      ],
      "-6": [
        "Free gift when you buy 3 selected Lancome Products, 1 to be Skincare - whilst stocks last",
        "Free gift when you buy selected Lancome - whilst stocks last",
        "Save up to 20 percent on selected fragrances"
      ]
    },
    "adCardPoints": 267
  },
  {
    "_id": {
      "$oid": "65ec108d9884656b92f55740"
    },
    "ppuQuantity": "30ML",
    "pricing": {
      "perUnit": "£189.83 per 100ML",
      "regular": {
        "value": 67,
        "currency": "GBP",
        "text": "£67.00"
      },
      "current": {
        "value": 56.95,
        "currency": "GBP",
        "text": "£56.95"
      },
      "saving": {
        "value": 10.05,
        "currency": "GBP",
        "text": "£10.05"
      }
    },
    "objectId": "5649",
    "brand": "Lancome",
    "attributes": {
      "fragrance_scent": [
        "floral",
        "amber",
        "fruity"
      ],
      "gender": "womens",
      "size": "21-30",
      "StockOverrideMessage": "STOCK_COMING_SOON",
      "Size": [
        "30ml",
        "30 ml"
      ],
      "parentCategory_UK": "33071",
      "fragrance_type": "eau de parfum",
      "hasPriceAdvantageDeal": false,
      "Reporting_Category": "fragrance",
      "ProductReviewFlag": "1"
    },
    "variants": {
      "colours": [],
      "hasColours": false,
      "hasSizes": false
    },
    "categories": [
      [
        {
          "name": "fragrance",
          "label": "fragrance"
        },
        {
          "name": "gift",
          "label": "gift"
        }
      ],
      [
        {
          "name": "5* rated perfumes & aftershaves",
          "label": "fragrance > 5* rated perfumes & aftershaves"
        },
        {
          "name": "perfume",
          "label": "fragrance > perfume"
        },
        {
          "name": "fragrance offers",
          "label": "fragrance > fragrance offers"
        },
        {
          "name": "gifts for her",
          "label": "gift > gifts for her"
        }
      ],
      [
        {
          "name": "all perfumes",
          "label": "fragrance > perfume > all perfumes"
        },
        {
          "name": "floral perfume",
          "label": "fragrance > perfume > floral perfume"
        },
        {
          "name": "amber perfume",
          "label": "fragrance > perfume > amber perfume"
        },
        {
          "name": "Save 15% on 100s of fragrances",
          "label": "fragrance > fragrance offers > Save 15% on 100s of fragrances"
        },
        {
          "name": "all perfumes",
          "label": "gift > gifts for her > all perfumes"
        }
      ]
    ],
    "reviews": {
      "average": 4.66,
      "count": 464,
      "rounded": 4
    },
    "parent": {
      "product": "5648",
      "partNumber": "10017741.P",
      "model": "10017741",
      "manufacturerModel": "1574787"
    },
    "images": {
      "thumbnail": "https://boots.scene7.com/is/image/Boots/10017741?wid=45&hei=60&op_sharpen=1"
    },
    "offers": [
      {
        "text": "Save up to 20 percent on selected fragrances"
      }
    ],
    "actions": {},
    "iconUri": "https://boots.scene7.com/is/image/Boots/10017741?op_sharpen=1",
    "title": "Lancôme Trésor Eau De Parfum 30ml",
    "referenceUri": "/lancome-tresor-eau-de-parfum-30ml-10017741",
    "canAddToBasket": "yes",
    "opticians": false,
    "inStock": true,
    "expressDelivery": false,
    "hasOtherPromotion": true,
    "channelPromotionalTextMap": {
      "-1": [
        "Save up to 20 percent on selected fragrances"
      ],
      "-6": [
        "Save up to 20 percent on selected fragrances"
      ]
    },
    "adCardPoints": 168
  },
  {
    "_id": {
      "$oid": "65ec108d9884656b92f55741"
    },
    "ppuQuantity": "50ML",
    "pricing": {
      "perUnit": "£153.00 per 100ML",
      "regular": {
        "value": 90,
        "currency": "GBP",
        "text": "£90.00"
      },
      "current": {
        "value": 76.5,
        "currency": "GBP",
        "text": "£76.50"
      },
      "saving": {
        "value": 13.5,
        "currency": "GBP",
        "text": "£13.50"
      }
    },
    "objectId": "2288532",
    "brand": "Lancome",
    "attributes": {
      "fragrance_scent": [
        "jasmine",
        "vanilla",
        "floral"
      ],
      "StockOverrideMessage": "STOCK_COMING_SOON",
      "gender": "womens",
      "size": "41-50",
      "fragrance_type": "eau de parfum",
      "hasPriceAdvantageDeal": false,
      "Reporting_Category": "fragrance",
      "ProductReviewFlag": "1"
    },
    "variants": {
      "colours": [],
      "hasColours": false,
      "hasSizes": false
    },
    "categories": [
      [
        {
          "name": "mother's day",
          "label": "mother's day"
        },
        {
          "name": "fragrance",
          "label": "fragrance"
        },
        {
          "name": "gift",
          "label": "gift"
        }
      ],
      [
        {
          "name": "shop all",
          "label": "mother's day > shop all"
        },
        {
          "name": "perfume",
          "label": "fragrance > perfume"
        },
        {
          "name": "fragrance offers",
          "label": "fragrance > fragrance offers"
        },
        {
          "name": "recommended",
          "label": "fragrance > recommended"
        },
        {
          "name": "gifts for her",
          "label": "gift > gifts for her"
        }
      ],
      [
        {
          "name": "all perfumes",
          "label": "fragrance > perfume > all perfumes"
        },
        {
          "name": "vanilla perfume",
          "label": "fragrance > perfume > vanilla perfume"
        },
        {
          "name": "floral perfume",
          "label": "fragrance > perfume > floral perfume"
        },
        {
          "name": "perfume refill bottles",
          "label": "fragrance > perfume > perfume refill bottles"
        },
        {
          "name": "personalise your perfect gift",
          "label": "fragrance > fragrance offers > personalise your perfect gift"
        },
        {
          "name": "Save 15% on 100s of fragrances",
          "label": "fragrance > fragrance offers > Save 15% on 100s of fragrances"
        },
        {
          "name": "best summer fragrances",
          "label": "fragrance > recommended > best summer fragrances"
        },
        {
          "name": "all perfumes",
          "label": "gift > gifts for her > all perfumes"
        }
      ]
    ],
    "reviews": {
      "average": 4.65,
      "count": 19125,
      "rounded": 4
    },
    "parent": {
      "product": "2288531",
      "partNumber": "10266225.P",
      "model": "10266225",
      "manufacturerModel": "8559163"
    },
    "images": {
      "thumbnail": "https://boots.scene7.com/is/image/Boots/10266225?wid=45&hei=60&op_sharpen=1"
    },
    "offers": [
      {
        "text": "Save up to 20 percent on selected fragrances"
      }
    ],
    "actions": {},
    "iconUri": "https://boots.scene7.com/is/image/Boots/10266225?op_sharpen=1",
    "title": "Lancôme Idôle Eau de Parfum 50ml",
    "referenceUri": "/lancome-idole-eau-de-parfum-50ml-10266225",
    "canAddToBasket": "yes",
    "opticians": false,
    "inStock": true,
    "expressDelivery": false,
    "hasOtherPromotion": true,
    "channelPromotionalTextMap": {
      "-1": [
        "Save up to 20 percent on selected fragrances"
      ],
      "-6": [
        "Save up to 20 percent on selected fragrances"
      ]
    },
    "adCardPoints": 228
  },
  {
    "_id": {
      "$oid": "65ec108d9884656b92f55742"
    },
    "ppuQuantity": "100ML",
    "pricing": {
      "perUnit": "£106.25 per 100ML",
      "regular": {
        "value": 125,
        "currency": "GBP",
        "text": "£125.00"
      },
      "current": {
        "value": 106.25,
        "currency": "GBP",
        "text": "£106.25"
      },
      "saving": {
        "value": 18.75,
        "currency": "GBP",
        "text": "£18.75"
      }
    },
    "objectId": "5932",
    "brand": "Lancome",
    "attributes": {
      "fragrance_scent": [
        "floral",
        "fruity"
      ],
      "StockOverrideMessage": "STOCK_COMING_SOON",
      "gender": "womens",
      "size": "71-100",
      "Size": [
        "100ml",
        "100 ml"
      ],
      "parentCategory_UK": "33031",
      "fragrance_type": [
        "eau de toilette",
        "eau de parfum"
      ],
      "format": "spray",
      "hasPriceAdvantageDeal": false,
      "Reporting_Category": "fragrance",
      "body_area": "body",
      "ProductReviewFlag": "1"
    },
    "variants": {
      "colours": [],
      "hasColours": false,
      "hasSizes": false
    },
    "categories": [
      [
        {
          "name": "fragrance",
          "label": "fragrance"
        },
        {
          "name": "gift",
          "label": "gift"
        }
      ],
      [
        {
          "name": "perfume",
          "label": "fragrance > perfume"
        },
        {
          "name": "gifts for her",
          "label": "gift > gifts for her"
        }
      ],
      [
        {
          "name": "all perfumes",
          "label": "fragrance > perfume > all perfumes"
        },
        {
          "name": "floral perfume",
          "label": "fragrance > perfume > floral perfume"
        },
        {
          "name": "all perfumes",
          "label": "gift > gifts for her > all perfumes"
        }
      ]
    ],
    "reviews": {
      "average": 4.66,
      "count": 464,
      "rounded": 4
    },
    "parent": {
      "product": "5931",
      "partNumber": "10018623.P",
      "model": "10018623",
      "manufacturerModel": "1598538"
    },
    "images": {
      "thumbnail": "https://boots.scene7.com/is/image/Boots/10018623?wid=45&hei=60&op_sharpen=1"
    },
    "offers": [
      {
        "text": "Save 15 percent on selected fragrance"
      }
    ],
    "actions": {},
    "iconUri": "https://boots.scene7.com/is/image/Boots/10018623?op_sharpen=1",
    "title": "Lancôme Trésor Eau De Parfum 100ml",
    "referenceUri": "/lancome-tresor-eau-de-parfum-100ml-10018623",
    "canAddToBasket": "yes",
    "opticians": false,
    "inStock": true,
    "expressDelivery": false,
    "hasOtherPromotion": true,
    "channelPromotionalTextMap": {
      "-1": [
        "Save 15 percent on selected fragrance"
      ],
      "-6": [
        "Save 15 percent on selected fragrance"
      ]
    },
    "adCardPoints": 318
  },
  {
    "_id": {
      "$oid": "65ec108d9884656b92f55743"
    },
    "ppuQuantity": "50ML",
    "pricing": {
      "perUnit": "£136.00 per 100ML",
      "regular": {
        "value": 80,
        "currency": "GBP",
        "text": "£80.00"
      },
      "current": {
        "value": 68,
        "currency": "GBP",
        "text": "£68.00"
      },
      "saving": {
        "value": 12,
        "currency": "GBP",
        "text": "£12.00"
      }
    },
    "objectId": "2231421",
    "brand": "Lancome",
    "attributes": {
      "fragrance_scent": [
        "floral",
        "musk",
        "fruity"
      ],
      "size": "41-50",
      "gender": "womens",
      "StockOverrideMessage": "STOCK_COMING_SOON",
      "fragrance_type": "eau de toilette",
      "hasPriceAdvantageDeal": false,
      "Reporting_Category": "fragrance",
      "ProductReviewFlag": "1"
    },
    "variants": {
      "colours": [],
      "hasColours": false,
      "hasSizes": false
    },
    "categories": [
      [
        {
          "name": "fragrance",
          "label": "fragrance"
        },
        {
          "name": "gift",
          "label": "gift"
        }
      ],
      [
        {
          "name": "perfume",
          "label": "fragrance > perfume"
        },
        {
          "name": "fragrance offers",
          "label": "fragrance > fragrance offers"
        },
        {
          "name": "gifts for her",
          "label": "gift > gifts for her"
        }
      ],
      [
        {
          "name": "all perfumes",
          "label": "fragrance > perfume > all perfumes"
        },
        {
          "name": "musky perfume",
          "label": "fragrance > perfume > musky perfume"
        },
        {
          "name": "floral perfume",
          "label": "fragrance > perfume > floral perfume"
        },
        {
          "name": "Save 15% on 100s of fragrances",
          "label": "fragrance > fragrance offers > Save 15% on 100s of fragrances"
        },
        {
          "name": "all perfumes",
          "label": "gift > gifts for her > all perfumes"
        }
      ]
    ],
    "reviews": {
      "average": 4.88,
      "count": 141,
      "rounded": 4
    },
    "parent": {
      "product": "2231420",
      "partNumber": "10260707.P",
      "model": "10260707",
      "manufacturerModel": "8438587"
    },
    "images": {
      "thumbnail": "https://boots.scene7.com/is/image/Boots/10260707?wid=45&hei=60&op_sharpen=1"
    },
    "offers": [
      {
        "text": "Free gift when you buy 3 selected Lancome Products, 1 to be Skincare - whilst stocks last"
      },
      {
        "text": "Free gift when you buy selected Lancome - whilst stocks last"
      },
      {
        "text": "Save up to 20 percent on selected fragrances"
      }
    ],
    "actions": {},
    "iconUri": "https://boots.scene7.com/is/image/Boots/10260707?op_sharpen=1",
    "title": "Lancôme La Vie Est Belle En Rose Eau de Toilette 50ml",
    "referenceUri": "/lancome-la-vie-est-belle-en-rose-eau-de-toilette-50ml-10260707",
    "canAddToBasket": "yes",
    "opticians": false,
    "inStock": true,
    "expressDelivery": false,
    "hasOtherPromotion": true,
    "channelPromotionalTextMap": {
      "-1": [
        "Free gift when you buy 3 selected Lancome Products, 1 to be Skincare - whilst stocks last",
        "Free gift when you buy selected Lancome - whilst stocks last",
        "Save up to 20 percent on selected fragrances"
      ],
      "-6": [
        "Free gift when you buy 3 selected Lancome Products, 1 to be Skincare - whilst stocks last",
        "Free gift when you buy selected Lancome - whilst stocks last",
        "Save up to 20 percent on selected fragrances"
      ]
    },
    "adCardPoints": 204
  },
  {
    "_id": {
      "$oid": "65ec108d9884656b92f55744"
    },
    "ppuQuantity": "25ML",
    "pricing": {
      "perUnit": "£204.00 per 100ML",
      "regular": {
        "value": 60,
        "currency": "GBP",
        "text": "£60.00"
      },
      "current": {
        "value": 51,
        "currency": "GBP",
        "text": "£51.00"
      },
      "saving": {
        "value": 9,
        "currency": "GBP",
        "text": "£9.00"
      }
    },
    "objectId": "2293435",
    "brand": "Lancome",
    "attributes": {
      "fragrance_scent": [
        "vanilla",
        "jasmine",
        "floral"
      ],
      "StockOverrideMessage": "STOCK_COMING_SOON",
      "size": "21-30",
      "gender": "womens",
      "fragrance_type": "eau de parfum",
      "hasPriceAdvantageDeal": false,
      "Reporting_Category": "fragrance",
      "ProductReviewFlag": "1"
    },
    "variants": {
      "colours": [],
      "hasColours": false,
      "hasSizes": false
    },
    "categories": [
      [
        {
          "name": "fragrance",
          "label": "fragrance"
        },
        {
          "name": "gift",
          "label": "gift"
        }
      ],
      [
        {
          "name": "5* rated perfumes & aftershaves",
          "label": "fragrance > 5* rated perfumes & aftershaves"
        },
        {
          "name": "perfume",
          "label": "fragrance > perfume"
        },
        {
          "name": "fragrance offers",
          "label": "fragrance > fragrance offers"
        },
        {
          "name": "gifts for her",
          "label": "gift > gifts for her"
        }
      ],
      [
        {
          "name": "all perfumes",
          "label": "fragrance > perfume > all perfumes"
        },
        {
          "name": "vanilla perfume",
          "label": "fragrance > perfume > vanilla perfume"
        },
        {
          "name": "floral perfume",
          "label": "fragrance > perfume > floral perfume"
        },
        {
          "name": "perfume refill bottles",
          "label": "fragrance > perfume > perfume refill bottles"
        },
        {
          "name": "Save 15% on 100s of fragrances",
          "label": "fragrance > fragrance offers > Save 15% on 100s of fragrances"
        },
        {
          "name": "all perfumes",
          "label": "gift > gifts for her > all perfumes"
        }
      ]
    ],
    "reviews": {
      "average": 4.65,
      "count": 19125,
      "rounded": 4
    },
    "parent": {
      "product": "2293434",
      "partNumber": "10266301.P",
      "model": "10266301",
      "manufacturerModel": "8559198"
    },
    "images": {
      "thumbnail": "https://boots.scene7.com/is/image/Boots/10266301?wid=45&hei=60&op_sharpen=1"
    },
    "offers": [
      {
        "text": "Save up to 20 percent on selected fragrances"
      }
    ],
    "actions": {},
    "iconUri": "https://boots.scene7.com/is/image/Boots/10266301?op_sharpen=1",
    "title": "Lancôme Idôle Eau de Parfum 25ml",
    "referenceUri": "/lancome-idole-eau-de-parfum-25ml-10266301",
    "canAddToBasket": "yes",
    "opticians": false,
    "inStock": true,
    "expressDelivery": false,
    "hasOtherPromotion": true,
    "channelPromotionalTextMap": {
      "-1": [
        "Save up to 20 percent on selected fragrances"
      ],
      "-6": [
        "Save up to 20 percent on selected fragrances"
      ]
    },
    "adCardPoints": 153
  },
  {
    "_id": {
      "$oid": "65ec108d9884656b92f55745"
    },
    "ppuQuantity": "100ML",
    "pricing": {
      "perUnit": "£110.50 per 100ML",
      "regular": {
        "value": 130,
        "currency": "GBP",
        "text": "£130.00"
      },
      "current": {
        "value": 110.5,
        "currency": "GBP",
        "text": "£110.50"
      },
      "saving": {
        "value": 19.5,
        "currency": "GBP",
        "text": "£19.50"
      }
    },
    "objectId": "1963059",
    "brand": "Lancome",
    "attributes": {
      "fragrance_scent": [
        "vanilla",
        "fruity"
      ],
      "size": "71-100",
      "StockOverrideMessage": "STOCK_COMING_SOON",
      "gender": "womens",
      "parentCategory_UK": "33071",
      "fragrance_type": "eau de parfum",
      "hasPriceAdvantageDeal": false,
      "Reporting_Category": "fragrance",
      "ProductReviewFlag": "1"
    },
    "variants": {
      "colours": [],
      "hasColours": false,
      "hasSizes": false
    },
    "categories": [
      [
        {
          "name": "fragrance",
          "label": "fragrance"
        },
        {
          "name": "gift",
          "label": "gift"
        }
      ],
      [
        {
          "name": "perfume",
          "label": "fragrance > perfume"
        },
        {
          "name": "fragrance offers",
          "label": "fragrance > fragrance offers"
        },
        {
          "name": "gifts for her",
          "label": "gift > gifts for her"
        }
      ],
      [
        {
          "name": "all perfumes",
          "label": "fragrance > perfume > all perfumes"
        },
        {
          "name": "vanilla perfume",
          "label": "fragrance > perfume > vanilla perfume"
        },
        {
          "name": "Save 15% on 100s of fragrances",
          "label": "fragrance > fragrance offers > Save 15% on 100s of fragrances"
        },
        {
          "name": "all perfumes",
          "label": "gift > gifts for her > all perfumes"
        }
      ]
    ],
    "reviews": {
      "average": 4.6,
      "count": 602,
      "rounded": 4
    },
    "parent": {
      "product": "1963058",
      "partNumber": "10228578.P",
      "model": "10228578",
      "manufacturerModel": "6853552"
    },
    "images": {
      "thumbnail": "https://boots.scene7.com/is/image/Boots/10228578?wid=45&hei=60&op_sharpen=1"
    },
    "offers": [
      {
        "text": "Save up to 20 percent on selected fragrances"
      }
    ],
    "actions": {},
    "iconUri": "https://boots.scene7.com/is/image/Boots/10228578?op_sharpen=1",
    "title": "Lancôme La Nuit Trésor Eau de Parfum 100ml",
    "referenceUri": "/lancome-la-nuit-tresor-eau-de-parfum-100ml-10228578",
    "canAddToBasket": "yes",
    "opticians": false,
    "inStock": true,
    "expressDelivery": false,
    "hasOtherPromotion": true,
    "channelPromotionalTextMap": {
      "-1": [
        "Save up to 20 percent on selected fragrances"
      ],
      "-6": [
        "Save up to 20 percent on selected fragrances"
      ]
    },
    "adCardPoints": 330
  },
  {
    "_id": {
      "$oid": "65ec108d9884656b92f55746"
    },
    "ppuQuantity": "50ML",
    "pricing": {
      "perUnit": "£161.50 per 100ML",
      "regular": {
        "value": 95,
        "currency": "GBP",
        "text": "£95.00"
      },
      "current": {
        "value": 80.75,
        "currency": "GBP",
        "text": "£80.75"
      },
      "saving": {
        "value": 14.25,
        "currency": "GBP",
        "text": "£14.25"
      }
    },
    "objectId": "1963063",
    "brand": "Lancome",
    "attributes": {
      "fragrance_scent": [
        "vanilla",
        "fruity"
      ],
      "StockOverrideMessage": "STOCK_COMING_SOON",
      "gender": "womens",
      "size": "41-50",
      "parentCategory_UK": "33071",
      "fragrance_type": "eau de parfum",
      "hasPriceAdvantageDeal": false,
      "Reporting_Category": "fragrance",
      "ProductReviewFlag": "1"
    },
    "variants": {
      "colours": [],
      "hasColours": false,
      "hasSizes": false
    },
    "categories": [
      [
        {
          "name": "fragrance",
          "label": "fragrance"
        },
        {
          "name": "gift",
          "label": "gift"
        }
      ],
      [
        {
          "name": "perfume",
          "label": "fragrance > perfume"
        },
        {
          "name": "fragrance offers",
          "label": "fragrance > fragrance offers"
        },
        {
          "name": "gifts for her",
          "label": "gift > gifts for her"
        }
      ],
      [
        {
          "name": "all perfumes",
          "label": "fragrance > perfume > all perfumes"
        },
        {
          "name": "vanilla perfume",
          "label": "fragrance > perfume > vanilla perfume"
        },
        {
          "name": "Save 15% on 100s of fragrances",
          "label": "fragrance > fragrance offers > Save 15% on 100s of fragrances"
        },
        {
          "name": "all perfumes",
          "label": "gift > gifts for her > all perfumes"
        }
      ]
    ],
    "reviews": {
      "average": 4.59,
      "count": 593,
      "rounded": 4
    },
    "parent": {
      "product": "1963062",
      "partNumber": "10228580.P",
      "model": "10228580",
      "manufacturerModel": "6853544"
    },
    "images": {
      "thumbnail": "https://boots.scene7.com/is/image/Boots/10228580?wid=45&hei=60&op_sharpen=1"
    },
    "offers": [
      {
        "text": "Save up to 20 percent on selected fragrances"
      }
    ],
    "actions": {},
    "iconUri": "https://boots.scene7.com/is/image/Boots/10228580?op_sharpen=1",
    "title": "Lancôme La Nuit Trésor Eau de Parfum 50ml",
    "referenceUri": "/lancome-la-nuit-tresor-eau-de-parfum-50ml-10228580",
    "canAddToBasket": "yes",
    "opticians": false,
    "inStock": true,
    "expressDelivery": false,
    "hasOtherPromotion": true,
    "channelPromotionalTextMap": {
      "-1": [
        "Save up to 20 percent on selected fragrances"
      ],
      "-6": [
        "Save up to 20 percent on selected fragrances"
      ]
    },
    "adCardPoints": 240
  },
  {
    "_id": {
      "$oid": "65ec108d9884656b92f55747"
    },
    "ppuQuantity": "30ML",
    "pricing": {
      "perUnit": "£204.00 per 100ML",
      "regular": {
        "value": 72,
        "currency": "GBP",
        "text": "£72.00"
      },
      "current": {
        "value": 61.2,
        "currency": "GBP",
        "text": "£61.20"
      },
      "saving": {
        "value": 10.8,
        "currency": "GBP",
        "text": "£10.80"
      }
    },
    "objectId": "2867217",
    "brand": "Lancome",
    "attributes": {
      "fragrance_scent": "floral",
      "product_type": "travel fragrance",
      "StockOverrideMessage": "STOCK_COMING_SOON",
      "size": "21-30",
      "format": "spray",
      "fragrance_type": "eau de parfum",
      "hasPriceAdvantageDeal": false,
      "ProductReviewFlag": "1"
    },
    "variants": {
      "colours": [],
      "hasColours": false,
      "hasSizes": false
    },
    "categories": [
      [
        {
          "name": "fragrance",
          "label": "fragrance"
        },
        {
          "name": "gift",
          "label": "gift"
        },
        {
          "name": "new in",
          "label": "new in"
        }
      ],
      [
        {
          "name": "perfume",
          "label": "fragrance > perfume"
        },
        {
          "name": "gifts for her",
          "label": "gift > gifts for her"
        },
        {
          "name": "new in fragrance",
          "label": "fragrance > new in fragrance"
        },
        {
          "name": "brands",
          "label": "fragrance > brands"
        },
        {
          "name": "new in fragrance",
          "label": "new in > new in fragrance"
        }
      ],
      [
        {
          "name": "all perfumes",
          "label": "fragrance > perfume > all perfumes"
        },
        {
          "name": "floral perfume",
          "label": "fragrance > perfume > floral perfume"
        },
        {
          "name": "all perfumes",
          "label": "gift > gifts for her > all perfumes"
        }
      ]
    ],
    "reviews": {
      "average": 4.94,
      "count": 108,
      "rounded": 4
    },
    "parent": {
      "product": "2867216",
      "partNumber": "10332730.P",
      "model": "10332730",
      "manufacturerModel": "5755980"
    },
    "images": {
      "thumbnail": "https://boots.scene7.com/is/image/Boots/10332730?wid=45&hei=60&op_sharpen=1"
    },
    "offers": [
      {
        "text": "Save up to 20 percent on selected fragrances"
      }
    ],
    "actions": {},
    "iconUri": "https://boots.scene7.com/is/image/Boots/10332730?op_sharpen=1",
    "title": "Lancôme La Vie Est Belle L'Extrait de Parfum 30ml",
    "referenceUri": "/lanc%C3%B4me-la-vie-est-belle-l-extrait-de-parfum-30ml-10332730",
    "canAddToBasket": "yes",
    "opticians": false,
    "inStock": true,
    "expressDelivery": false,
    "hasOtherPromotion": true,
    "channelPromotionalTextMap": {
      "-1": [
        "Save up to 20 percent on selected fragrances"
      ],
      "-6": [
        "Save up to 20 percent on selected fragrances"
      ]
    },
    "adCardPoints": 183
  },
  {
    "_id": {
      "$oid": "65ec108d9884656b92f55748"
    },
    "ppuQuantity": "50ML",
    "pricing": {
      "perUnit": "£153.00 per 100ML",
      "regular": {
        "value": 90,
        "currency": "GBP",
        "text": "£90.00"
      },
      "current": {
        "value": 76.5,
        "currency": "GBP",
        "text": "£76.50"
      },
      "saving": {
        "value": 13.5,
        "currency": "GBP",
        "text": "£13.50"
      }
    },
    "objectId": "2537939",
    "brand": "Lancome",
    "attributes": {
      "fragrance_scent": [
        "floral",
        "jasmine",
        "vanilla"
      ],
      "size": "41-50",
      "gender": "womens",
      "StockOverrideMessage": "STOCK_COMING_SOON",
      "fragrance_type": "eau de parfum",
      "hasPriceAdvantageDeal": false,
      "Reporting_Category": "fragrance",
      "ProductReviewFlag": "1"
    },
    "variants": {
      "colours": [],
      "hasColours": false,
      "hasSizes": false
    },
    "categories": [
      [
        {
          "name": "gift",
          "label": "gift"
        },
        {
          "name": "fragrance",
          "label": "fragrance"
        }
      ],
      [
        {
          "name": "Eid gifts",
          "label": "gift > Eid gifts"
        },
        {
          "name": "perfume",
          "label": "fragrance > perfume"
        },
        {
          "name": "gifts for her",
          "label": "gift > gifts for her"
        },
        {
          "name": "5* rated perfumes & aftershaves",
          "label": "fragrance > 5* rated perfumes & aftershaves"
        }
      ],
      [
        {
          "name": "all perfumes",
          "label": "fragrance > perfume > all perfumes"
        },
        {
          "name": "vanilla perfume",
          "label": "fragrance > perfume > vanilla perfume"
        },
        {
          "name": "floral perfume",
          "label": "fragrance > perfume > floral perfume"
        },
        {
          "name": "all perfumes",
          "label": "gift > gifts for her > all perfumes"
        }
      ]
    ],
    "reviews": {
      "average": 4.71,
      "count": 3333,
      "rounded": 4
    },
    "parent": {
      "product": "2537938",
      "partNumber": "10295072.P",
      "model": "10295072",
      "manufacturerModel": "4210387"
    },
    "images": {
      "thumbnail": "https://boots.scene7.com/is/image/Boots/10295072?wid=45&hei=60&op_sharpen=1"
    },
    "offers": [
      {
        "text": "Save up to 20 percent on selected fragrances"
      }
    ],
    "actions": {},
    "iconUri": "https://boots.scene7.com/is/image/Boots/10295072?op_sharpen=1",
    "title": "Lancôme Idôle Aura Eau De Parfum 50ml",
    "referenceUri": "/lancome-idole-aura-eau-de-parfum-50ml-10295072",
    "canAddToBasket": "yes",
    "opticians": false,
    "inStock": true,
    "expressDelivery": false,
    "hasOtherPromotion": true,
    "channelPromotionalTextMap": {
      "-1": [
        "Save up to 20 percent on selected fragrances"
      ],
      "-6": [
        "Save up to 20 percent on selected fragrances"
      ]
    },
    "adCardPoints": 228
  },
  {
    "_id": {
      "$oid": "65ec108d9884656b92f55749"
    },
    "ppuQuantity": "50ML",
    "pricing": {
      "perUnit": "£153.00 per 100ML",
      "regular": {
        "value": 90,
        "currency": "GBP",
        "text": "£90.00"
      },
      "current": {
        "value": 76.5,
        "currency": "GBP",
        "text": "£76.50"
      },
      "saving": {
        "value": 13.5,
        "currency": "GBP",
        "text": "£13.50"
      }
    },
    "objectId": "2694349",
    "brand": "Lancome",
    "attributes": {
      "fragrance_scent": [
        "floral",
        "vanilla"
      ],
      "size": "41-50",
      "StockOverrideMessage": "STOCK_COMING_SOON",
      "gender": "womens",
      "fragrance_type": "eau de parfum",
      "format": "spray",
      "hasPriceAdvantageDeal": false,
      "Reporting_Category": "fragrance",
      "body_area": "body",
      "ProductReviewFlag": "1"
    },
    "variants": {
      "colours": [],
      "hasColours": false,
      "hasSizes": false
    },
    "categories": [
      [
        {
          "name": "fragrance",
          "label": "fragrance"
        },
        {
          "name": "gift",
          "label": "gift"
        }
      ],
      [
        {
          "name": "5* rated perfumes & aftershaves",
          "label": "fragrance > 5* rated perfumes & aftershaves"
        },
        {
          "name": "perfume",
          "label": "fragrance > perfume"
        },
        {
          "name": "gifts for her",
          "label": "gift > gifts for her"
        },
        {
          "name": "luxury fragrance",
          "label": "fragrance > luxury fragrance"
        }
      ],
      [
        {
          "name": "all perfumes",
          "label": "fragrance > perfume > all perfumes"
        },
        {
          "name": "all perfumes",
          "label": "gift > gifts for her > all perfumes"
        }
      ]
    ],
    "reviews": {
      "average": 4.68,
      "count": 2801,
      "rounded": 4
    },
    "parent": {
      "product": "2694348",
      "partNumber": "10314491.P",
      "model": "10314491",
      "manufacturerModel": "3359905"
    },
    "images": {
      "thumbnail": "https://boots.scene7.com/is/image/Boots/10314491?wid=45&hei=60&op_sharpen=1"
    },
    "offers": [
      {
        "text": "Save up to 20 percent on selected fragrances"
      }
    ],
    "actions": {},
    "iconUri": "https://boots.scene7.com/is/image/Boots/10314491?op_sharpen=1",
    "title": "Lancome Idôle Nectar Eau De Parfum 50ml",
    "referenceUri": "/lancome-id%C3%B4le-nectar-eau-de-parfum-50ml-10314491",
    "canAddToBasket": "yes",
    "opticians": false,
    "inStock": true,
    "expressDelivery": false,
    "hasOtherPromotion": true,
    "channelPromotionalTextMap": {
      "-1": [
        "Save up to 20 percent on selected fragrances"
      ],
      "-6": [
        "Save up to 20 percent on selected fragrances"
      ]
    },
    "adCardPoints": 228
  },
  {
    "_id": {
      "$oid": "65ec108d9884656b92f5574a"
    },
    "ppuQuantity": "100ML",
    "pricing": {
      "perUnit": "£78.20 per 100ML",
      "regular": {
        "value": 92,
        "currency": "GBP",
        "text": "£92.00"
      },
      "current": {
        "value": 78.2,
        "currency": "GBP",
        "text": "£78.20"
      },
      "saving": {
        "value": 13.8,
        "currency": "GBP",
        "text": "£13.80"
      }
    },
    "objectId": "5920",
    "brand": "Lancome",
    "attributes": {
      "fragrance_scent": [
        "fruity",
        "musk",
        "amber",
        "floral"
      ],
      "gender": "womens",
      "StockOverrideMessage": "STOCK_COMING_SOON",
      "size": "71-100",
      "Size": [
        "100 ml",
        "100ml"
      ],
      "parentCategory_UK": "33031",
      "fragrance_type": "eau de parfum",
      "format": "spray",
      "hasPriceAdvantageDeal": false,
      "Reporting_Category": "fragrance",
      "body_area": "body",
      "ProductReviewFlag": "1"
    },
    "variants": {
      "colours": [],
      "hasColours": false,
      "hasSizes": false
    },
    "categories": [
      [
        {
          "name": "fragrance",
          "label": "fragrance"
        },
        {
          "name": "gift",
          "label": "gift"
        }
      ],
      [
        {
          "name": "perfume",
          "label": "fragrance > perfume"
        },
        {
          "name": "gifts for her",
          "label": "gift > gifts for her"
        }
      ],
      [
        {
          "name": "all perfumes",
          "label": "fragrance > perfume > all perfumes"
        },
        {
          "name": "musky perfume",
          "label": "fragrance > perfume > musky perfume"
        },
        {
          "name": "floral perfume",
          "label": "fragrance > perfume > floral perfume"
        },
        {
          "name": "amber perfume",
          "label": "fragrance > perfume > amber perfume"
        },
        {
          "name": "all perfumes",
          "label": "gift > gifts for her > all perfumes"
        }
      ]
    ],
    "reviews": {
      "average": 4.82,
      "count": 293,
      "rounded": 4
    },
    "parent": {
      "product": "5919",
      "partNumber": "10018546.P",
      "model": "10018546",
      "manufacturerModel": "4224256"
    },
    "images": {
      "thumbnail": "https://boots.scene7.com/is/image/Boots/10018546?wid=45&hei=60&op_sharpen=1"
    },
    "offers": [
      {
        "text": "Save 15 percent on selected fragrance"
      }
    ],
    "actions": {},
    "iconUri": "https://boots.scene7.com/is/image/Boots/10018546?op_sharpen=1",
    "title": "Lancôme Miracle Eau De Parfum 100ml",
    "referenceUri": "/lancome-miracle-eau-de-parfum-100ml-10018546",
    "canAddToBasket": "yes",
    "opticians": false,
    "inStock": true,
    "expressDelivery": false,
    "hasOtherPromotion": true,
    "channelPromotionalTextMap": {
      "-1": [
        "Save 15 percent on selected fragrance"
      ],
      "-6": [
        "Save 15 percent on selected fragrance"
      ]
    },
    "adCardPoints": 234
  },
  {
    "_id": {
      "$oid": "65ec108d9884656b92f5574b"
    },
    "ppuQuantity": "50ML",
    "pricing": {
      "perUnit": "£178.50 per 100ML",
      "regular": {
        "value": 105,
        "currency": "GBP",
        "text": "£105.00"
      },
      "current": {
        "value": 89.25,
        "currency": "GBP",
        "text": "£89.25"
      },
      "saving": {
        "value": 15.75,
        "currency": "GBP",
        "text": "£15.75"
      }
    },
    "objectId": "2349487",
    "brand": "Lancome",
    "attributes": {
      "fragrance_scent": [
        "vanilla",
        "fruity",
        "floral",
        "jasmine"
      ],
      "StockOverrideMessage": "STOCK_COMING_SOON",
      "gender": "womens",
      "size": "41-50",
      "format": "spray",
      "fragrance_type": "eau de parfum",
      "hasPriceAdvantageDeal": false,
      "Reporting_Category": "fragrance",
      "gift_type": "fragrance gifts",
      "ProductReviewFlag": "1"
    },
    "variants": {
      "colours": [],
      "hasColours": false,
      "hasSizes": false
    },
    "categories": [
      [
        {
          "name": "fragrance",
          "label": "fragrance"
        },
        {
          "name": "gift",
          "label": "gift"
        }
      ],
      [
        {
          "name": "5* rated perfumes & aftershaves",
          "label": "fragrance > 5* rated perfumes & aftershaves"
        },
        {
          "name": "perfume",
          "label": "fragrance > perfume"
        },
        {
          "name": "fragrance offers",
          "label": "fragrance > fragrance offers"
        },
        {
          "name": "gifts for her",
          "label": "gift > gifts for her"
        }
      ],
      [
        {
          "name": "all perfumes",
          "label": "fragrance > perfume > all perfumes"
        },
        {
          "name": "vanilla perfume",
          "label": "fragrance > perfume > vanilla perfume"
        },
        {
          "name": "floral perfume",
          "label": "fragrance > perfume > floral perfume"
        },
        {
          "name": "Save 15% on 100s of fragrances",
          "label": "fragrance > fragrance offers > Save 15% on 100s of fragrances"
        },
        {
          "name": "all perfumes",
          "label": "gift > gifts for her > all perfumes"
        }
      ]
    ],
    "reviews": {
      "average": 4.69,
      "count": 1534,
      "rounded": 4
    },
    "parent": {
      "product": "2349486",
      "partNumber": "10274773.P",
      "model": "10274773",
      "manufacturerModel": "8753024"
    },
    "images": {
      "thumbnail": "https://boots.scene7.com/is/image/Boots/10274773?wid=45&hei=60&op_sharpen=1"
    },
    "offers": [
      {
        "text": "Free gift when you buy 3 selected Lancome Products, 1 to be Skincare - whilst stocks last"
      },
      {
        "text": "Free gift when you buy selected Lancome - whilst stocks last"
      },
      {
        "text": "Save up to 20 percent on selected fragrances"
      }
    ],
    "actions": {},
    "iconUri": "https://boots.scene7.com/is/image/Boots/10274773?op_sharpen=1",
    "title": "Lancôme La Vie Est Belle Intensément Eau de Parfum 50ml",
    "referenceUri": "/lanc%C3%B4me-la-vie-est-belle-intens%C3%A9ment-eau-de-parfum-50ml-10274773",
    "canAddToBasket": "yes",
    "opticians": false,
    "inStock": true,
    "expressDelivery": false,
    "hasOtherPromotion": true,
    "channelPromotionalTextMap": {
      "-1": [
        "Free gift when you buy 3 selected Lancome Products, 1 to be Skincare - whilst stocks last",
        "Free gift when you buy selected Lancome - whilst stocks last",
        "Save up to 20 percent on selected fragrances"
      ],
      "-6": [
        "Free gift when you buy 3 selected Lancome Products, 1 to be Skincare - whilst stocks last",
        "Free gift when you buy selected Lancome - whilst stocks last",
        "Save up to 20 percent on selected fragrances"
      ]
    },
    "adCardPoints": 267
  },
  {
    "_id": {
      "$oid": "65ec108d9884656b92f5574c"
    },
    "ppuQuantity": "100ML",
    "pricing": {
      "perUnit": "£106.25 per 100ML",
      "regular": {
        "value": 125,
        "currency": "GBP",
        "text": "£125.00"
      },
      "current": {
        "value": 106.25,
        "currency": "GBP",
        "text": "£106.25"
      },
      "saving": {
        "value": 18.75,
        "currency": "GBP",
        "text": "£18.75"
      }
    },
    "objectId": "2834646",
    "brand": "Lancome",
    "attributes": {
      "fragrance_scent": [
        "floral",
        "vanilla",
        "musk"
      ],
      "gender": "womens",
      "StockOverrideMessage": "STOCK_COMING_SOON",
      "size": "71-100",
      "fragrance_type": "eau de parfum",
      "format": "spray",
      "hasPriceAdvantageDeal": false,
      "ProductReviewFlag": "1"
    },
    "variants": {
      "colours": [],
      "hasColours": false,
      "hasSizes": false
    },
    "categories": [
      [
        {
          "name": "new in",
          "label": "new in"
        },
        {
          "name": "fragrance",
          "label": "fragrance"
        },
        {
          "name": "gift",
          "label": "gift"
        }
      ],
      [
        {
          "name": "perfume",
          "label": "fragrance > perfume"
        },
        {
          "name": "gifts for her",
          "label": "gift > gifts for her"
        },
        {
          "name": "luxury fragrance",
          "label": "fragrance > luxury fragrance"
        },
        {
          "name": "new in fragrance",
          "label": "fragrance > new in fragrance"
        },
        {
          "name": "new in fragrance",
          "label": "new in > new in fragrance"
        }
      ],
      [
        {
          "name": "all perfumes",
          "label": "fragrance > perfume > all perfumes"
        },
        {
          "name": "vanilla perfume",
          "label": "fragrance > perfume > vanilla perfume"
        },
        {
          "name": "musky perfume",
          "label": "fragrance > perfume > musky perfume"
        },
        {
          "name": "floral perfume",
          "label": "fragrance > perfume > floral perfume"
        },
        {
          "name": "all perfumes",
          "label": "gift > gifts for her > all perfumes"
        }
      ]
    ],
    "reviews": {
      "average": 4.65,
      "count": 496,
      "rounded": 4
    },
    "parent": {
      "product": "2834645",
      "partNumber": "10327956.P",
      "model": "10327956",
      "manufacturerModel": "5561469"
    },
    "images": {
      "thumbnail": "https://boots.scene7.com/is/image/Boots/10327956?wid=45&hei=60&op_sharpen=1"
    },
    "offers": [
      {
        "text": "Free gift when you buy 3 selected Lancome Products, 1 to be Skincare - whilst stocks last"
      },
      {
        "text": "Free gift when you buy selected Lancome - whilst stocks last"
      },
      {
        "text": "Save up to 20 percent on selected fragrances"
      }
    ],
    "actions": {},
    "iconUri": "https://boots.scene7.com/is/image/Boots/10327956?op_sharpen=1",
    "title": "Lancôme Idôle Now Eau de Parfum 100ml",
    "referenceUri": "/lanc%C3%B4me-id%C3%B4le-now-eau-de-parfum-100-ml-10327956",
    "canAddToBasket": "yes",
    "opticians": false,
    "inStock": true,
    "expressDelivery": false,
    "hasOtherPromotion": true,
    "channelPromotionalTextMap": {
      "-1": [
        "Free gift when you buy 3 selected Lancome Products, 1 to be Skincare - whilst stocks last",
        "Free gift when you buy selected Lancome - whilst stocks last",
        "Save up to 20 percent on selected fragrances"
      ],
      "-6": [
        "Free gift when you buy 3 selected Lancome Products, 1 to be Skincare - whilst stocks last",
        "Free gift when you buy selected Lancome - whilst stocks last",
        "Save up to 20 percent on selected fragrances"
      ]
    },
    "adCardPoints": 318
  },
  {
    "_id": {
      "$oid": "65ec108d9884656b92f5574d"
    },
    "ppuQuantity": "100ML",
    "pricing": {
      "perUnit": "£106.25 per 100ML",
      "regular": {
        "value": 125,
        "currency": "GBP",
        "text": "£125.00"
      },
      "current": {
        "value": 106.25,
        "currency": "GBP",
        "text": "£106.25"
      },
      "saving": {
        "value": 18.75,
        "currency": "GBP",
        "text": "£18.75"
      }
    },
    "objectId": "2480437",
    "brand": "Lancome",
    "attributes": {
      "fragrance_scent": [
        "vanilla",
        "floral",
        "citrus"
      ],
      "StockOverrideMessage": "STOCK_COMING_SOON",
      "format": "spray",
      "fragrance_type": "eau de parfum",
      "hasPriceAdvantageDeal": false,
      "Reporting_Category": "fragrance",
      "ProductReviewFlag": "1"
    },
    "variants": {
      "colours": [],
      "hasColours": false,
      "hasSizes": false
    },
    "categories": [
      [
        {
          "name": "fragrance",
          "label": "fragrance"
        },
        {
          "name": "gift",
          "label": "gift"
        }
      ],
      [
        {
          "name": "5* rated perfumes & aftershaves",
          "label": "fragrance > 5* rated perfumes & aftershaves"
        },
        {
          "name": "perfume",
          "label": "fragrance > perfume"
        },
        {
          "name": "gifts for her",
          "label": "gift > gifts for her"
        }
      ],
      [
        {
          "name": "all perfumes",
          "label": "fragrance > perfume > all perfumes"
        },
        {
          "name": "vanilla perfume",
          "label": "fragrance > perfume > vanilla perfume"
        },
        {
          "name": "floral perfume",
          "label": "fragrance > perfume > floral perfume"
        },
        {
          "name": "all perfumes",
          "label": "gift > gifts for her > all perfumes"
        }
      ]
    ],
    "reviews": {
      "average": 4.69,
      "count": 692,
      "rounded": 4
    },
    "parent": {
      "product": "2480436",
      "partNumber": "10290208.P",
      "model": "10290208",
      "manufacturerModel": "2100029"
    },
    "images": {
      "thumbnail": "https://boots.scene7.com/is/image/Boots/10290208?wid=45&hei=60&op_sharpen=1"
    },
    "offers": [
      {
        "text": "Free gift when you buy 3 selected Lancome Products, 1 to be Skincare - whilst stocks last"
      },
      {
        "text": "Free gift when you buy selected Lancome - whilst stocks last"
      },
      {
        "text": "Save up to 20 percent on selected fragrances"
      }
    ],
    "actions": {},
    "iconUri": "https://boots.scene7.com/is/image/Boots/10290208?op_sharpen=1",
    "title": "Lancôme La Vie Est Belle Soleil Cristal Eau De Parfum 100ml",
    "referenceUri": "/lanc%C3%B4me-la-vie-est-belle-soleil-cristal-eau-de-parfum-100ml-10290208",
    "canAddToBasket": "yes",
    "opticians": false,
    "inStock": true,
    "expressDelivery": false,
    "hasOtherPromotion": true,
    "channelPromotionalTextMap": {
      "-1": [
        "Free gift when you buy 3 selected Lancome Products, 1 to be Skincare - whilst stocks last",
        "Free gift when you buy selected Lancome - whilst stocks last",
        "Save up to 20 percent on selected fragrances"
      ],
      "-6": [
        "Free gift when you buy 3 selected Lancome Products, 1 to be Skincare - whilst stocks last",
        "Free gift when you buy selected Lancome - whilst stocks last",
        "Save up to 20 percent on selected fragrances"
      ]
    },
    "adCardPoints": 318
  },
  {
    "_id": {
      "$oid": "65ec108d9884656b92f5574e"
    },
    "ppuQuantity": "100ML",
    "pricing": {
      "perUnit": "£114.75 per 100ML",
      "regular": {
        "value": 135,
        "currency": "GBP",
        "text": "£135.00"
      },
      "current": {
        "value": 114.75,
        "currency": "GBP",
        "text": "£114.75"
      },
      "saving": {
        "value": 20.25,
        "currency": "GBP",
        "text": "£20.25"
      }
    },
    "objectId": "2794162",
    "brand": "Lancome",
    "attributes": {
      "fragrance_scent": [
        "floral",
        "fruity"
      ],
      "size": "71-100",
      "gender": "womens",
      "StockOverrideMessage": "STOCK_COMING_SOON",
      "fragrance_type": "eau de parfum",
      "hasPriceAdvantageDeal": false,
      "ProductReviewFlag": "1"
    },
    "variants": {
      "colours": [],
      "hasColours": false,
      "hasSizes": false
    },
    "categories": [
      [
        {
          "name": "fragrance",
          "label": "fragrance"
        },
        {
          "name": "gift",
          "label": "gift"
        }
      ],
      [
        {
          "name": "perfume",
          "label": "fragrance > perfume"
        },
        {
          "name": "gifts for her",
          "label": "gift > gifts for her"
        },
        {
          "name": "brands",
          "label": "fragrance > brands"
        },
        {
          "name": "5* rated perfumes & aftershaves",
          "label": "fragrance > 5* rated perfumes & aftershaves"
        }
      ],
      [
        {
          "name": "all perfumes",
          "label": "fragrance > perfume > all perfumes"
        },
        {
          "name": "floral perfume",
          "label": "fragrance > perfume > floral perfume"
        },
        {
          "name": "all perfumes",
          "label": "gift > gifts for her > all perfumes"
        }
      ]
    ],
    "reviews": {
      "average": 4.66,
      "count": 3366,
      "rounded": 4
    },
    "parent": {
      "product": "2794161",
      "partNumber": "10324002.P",
      "model": "10324002",
      "manufacturerModel": "5291895"
    },
    "images": {
      "thumbnail": "https://boots.scene7.com/is/image/Boots/10324002?wid=45&hei=60&op_sharpen=1"
    },
    "offers": [
      {
        "text": "Free gift when you buy 3 selected Lancome Products, 1 to be Skincare - whilst stocks last"
      },
      {
        "text": "Free gift when you buy selected Lancome - whilst stocks last"
      },
      {
        "text": "Save up to 20 percent on selected fragrances"
      }
    ],
    "actions": {},
    "iconUri": "https://boots.scene7.com/is/image/Boots/10324002?op_sharpen=1",
    "title": "Lancôme La Vie Est Belle Iris Absolu Eau de Parfum 100ml",
    "referenceUri": "/lanc%C3%B4me-la-vie-est-belle-iris-absolu-eau-de-parfum-100ml-10324002",
    "canAddToBasket": "yes",
    "opticians": false,
    "inStock": true,
    "expressDelivery": false,
    "hasOtherPromotion": true,
    "channelPromotionalTextMap": {
      "-1": [
        "Free gift when you buy 3 selected Lancome Products, 1 to be Skincare - whilst stocks last",
        "Free gift when you buy selected Lancome - whilst stocks last",
        "Save up to 20 percent on selected fragrances"
      ],
      "-6": [
        "Free gift when you buy 3 selected Lancome Products, 1 to be Skincare - whilst stocks last",
        "Free gift when you buy selected Lancome - whilst stocks last",
        "Save up to 20 percent on selected fragrances"
      ]
    },
    "adCardPoints": 342
  },
  {
    "_id": {
      "$oid": "65ec108d9884656b92f5574f"
    },
    "ppuQuantity": "75ML",
    "pricing": {
      "perUnit": "£90.67 per 100ML",
      "regular": {
        "value": 80,
        "currency": "GBP",
        "text": "£80.00"
      },
      "current": {
        "value": 68,
        "currency": "GBP",
        "text": "£68.00"
      },
      "saving": {
        "value": 12,
        "currency": "GBP",
        "text": "£12.00"
      }
    },
    "objectId": "31927",
    "brand": "Lancome",
    "attributes": {
      "fragrance_scent": [
        "woody",
        "floral"
      ],
      "StockOverrideMessage": "STOCK_COMING_SOON",
      "gender": "womens",
      "size": "71-100",
      "Size": [
        "75ml",
        "75 ml"
      ],
      "parentCategory_UK": "33031",
      "fragrance_type": [
        "eau de toilette",
        "eau de parfum"
      ],
      "format": "spray",
      "hasPriceAdvantageDeal": false,
      "Reporting_Category": "fragrance",
      "body_area": "body",
      "ProductReviewFlag": "1"
    },
    "variants": {
      "colours": [],
      "hasColours": false,
      "hasSizes": false
    },
    "categories": [
      [
        {
          "name": "fragrance",
          "label": "fragrance"
        },
        {
          "name": "gift",
          "label": "gift"
        }
      ],
      [
        {
          "name": "perfume",
          "label": "fragrance > perfume"
        },
        {
          "name": "gifts for her",
          "label": "gift > gifts for her"
        }
      ],
      [
        {
          "name": "all perfumes",
          "label": "fragrance > perfume > all perfumes"
        },
        {
          "name": "floral perfume",
          "label": "fragrance > perfume > floral perfume"
        },
        {
          "name": "all perfumes",
          "label": "gift > gifts for her > all perfumes"
        }
      ]
    ],
    "reviews": {
      "average": 4.88,
      "count": 226,
      "rounded": 4
    },
    "parent": {
      "product": "31926",
      "partNumber": "10059189.P",
      "model": "10059189",
      "manufacturerModel": "2275635"
    },
    "images": {
      "thumbnail": "https://boots.scene7.com/is/image/Boots/10059189?wid=45&hei=60&op_sharpen=1"
    },
    "offers": [
      {
        "text": "Save 15 percent on selected fragrance"
      }
    ],
    "actions": {},
    "iconUri": "https://boots.scene7.com/is/image/Boots/10059189?op_sharpen=1",
    "title": "Lancôme Hypnôse Eau De Parfum 75ml",
    "referenceUri": "/lancome-hypnose-eau-de-parfum-75ml-10059189",
    "canAddToBasket": "yes",
    "opticians": false,
    "inStock": true,
    "expressDelivery": false,
    "hasOtherPromotion": true,
    "channelPromotionalTextMap": {
      "-1": [
        "Save 15 percent on selected fragrance"
      ],
      "-6": [
        "Save 15 percent on selected fragrance"
      ]
    },
    "adCardPoints": 204
  },
  {
    "_id": {
      "$oid": "65ec108d9884656b92f55750"
    },
    "ppuQuantity": "50ML",
    "pricing": {
      "perUnit": "£119.00 per 100ML",
      "regular": {
        "value": 70,
        "currency": "GBP",
        "text": "£70.00"
      },
      "current": {
        "value": 59.5,
        "currency": "GBP",
        "text": "£59.50"
      },
      "saving": {
        "value": 10.5,
        "currency": "GBP",
        "text": "£10.50"
      }
    },
    "objectId": "5916",
    "brand": "Lancome",
    "attributes": {
      "fragrance_scent": [
        "floral",
        "musk",
        "fruity"
      ],
      "StockOverrideMessage": "STOCK_COMING_SOON",
      "size": "41-50",
      "gender": "womens",
      "parentCategory_UK": "33031",
      "fragrance_type": "eau de parfum",
      "format": "spray",
      "hasPriceAdvantageDeal": false,
      "Reporting_Category": "fragrance",
      "body_area": "body",
      "ProductReviewFlag": "1"
    },
    "variants": {
      "colours": [],
      "hasColours": false,
      "hasSizes": false
    },
    "categories": [
      [
        {
          "name": "fragrance",
          "label": "fragrance"
        },
        {
          "name": "gift",
          "label": "gift"
        }
      ],
      [
        {
          "name": "perfume",
          "label": "fragrance > perfume"
        },
        {
          "name": "gifts for her",
          "label": "gift > gifts for her"
        }
      ],
      [
        {
          "name": "all perfumes",
          "label": "fragrance > perfume > all perfumes"
        },
        {
          "name": "musky perfume",
          "label": "fragrance > perfume > musky perfume"
        },
        {
          "name": "floral perfume",
          "label": "fragrance > perfume > floral perfume"
        },
        {
          "name": "all perfumes",
          "label": "gift > gifts for her > all perfumes"
        }
      ]
    ],
    "reviews": {
      "average": 4.82,
      "count": 282,
      "rounded": 4
    },
    "parent": {
      "product": "5915",
      "partNumber": "10018545.P",
      "model": "10018545",
      "manufacturerModel": "4224264"
    },
    "images": {
      "thumbnail": "https://boots.scene7.com/is/image/Boots/10018545?wid=45&hei=60&op_sharpen=1"
    },
    "offers": [
      {
        "text": "Save 15 percent on selected fragrance"
      }
    ],
    "actions": {},
    "iconUri": "https://boots.scene7.com/is/image/Boots/10018545?op_sharpen=1",
    "title": "Lancôme Miracle Eau De Parfum 50ml",
    "referenceUri": "/lancome-miracle-eau-de-parfum-50ml-10018545",
    "canAddToBasket": "yes",
    "opticians": false,
    "inStock": true,
    "expressDelivery": false,
    "hasOtherPromotion": true,
    "channelPromotionalTextMap": {
      "-1": [
        "Save 15 percent on selected fragrance"
      ],
      "-6": [
        "Save 15 percent on selected fragrance"
      ]
    },
    "adCardPoints": 177
  },
  {
    "_id": {
      "$oid": "65ec108d9884656b92f55751"
    },
    "ppuQuantity": "50ML",
    "pricing": {
      "perUnit": "£153.00 per 100ML",
      "regular": {
        "value": 90,
        "currency": "GBP",
        "text": "£90.00"
      },
      "current": {
        "value": 76.5,
        "currency": "GBP",
        "text": "£76.50"
      },
      "saving": {
        "value": 13.5,
        "currency": "GBP",
        "text": "£13.50"
      }
    },
    "objectId": "2834648",
    "brand": "Lancome",
    "attributes": {
      "fragrance_scent": [
        "floral",
        "musk",
        "vanilla"
      ],
      "size": "41-50",
      "StockOverrideMessage": "STOCK_COMING_SOON",
      "gender": "womens",
      "fragrance_type": "eau de parfum",
      "format": "spray",
      "hasPriceAdvantageDeal": false,
      "ProductReviewFlag": "1"
    },
    "variants": {
      "colours": [],
      "hasColours": false,
      "hasSizes": false
    },
    "categories": [
      [
        {
          "name": "new in",
          "label": "new in"
        },
        {
          "name": "fragrance",
          "label": "fragrance"
        },
        {
          "name": "gift",
          "label": "gift"
        }
      ],
      [
        {
          "name": "perfume",
          "label": "fragrance > perfume"
        },
        {
          "name": "gifts for her",
          "label": "gift > gifts for her"
        },
        {
          "name": "luxury fragrance",
          "label": "fragrance > luxury fragrance"
        },
        {
          "name": "new in fragrance",
          "label": "fragrance > new in fragrance"
        },
        {
          "name": "new in fragrance",
          "label": "new in > new in fragrance"
        }
      ],
      [
        {
          "name": "all perfumes",
          "label": "fragrance > perfume > all perfumes"
        },
        {
          "name": "vanilla perfume",
          "label": "fragrance > perfume > vanilla perfume"
        },
        {
          "name": "musky perfume",
          "label": "fragrance > perfume > musky perfume"
        },
        {
          "name": "floral perfume",
          "label": "fragrance > perfume > floral perfume"
        },
        {
          "name": "all perfumes",
          "label": "gift > gifts for her > all perfumes"
        }
      ]
    ],
    "reviews": {
      "average": 4.65,
      "count": 498,
      "rounded": 4
    },
    "parent": {
      "product": "2834647",
      "partNumber": "10327957.P",
      "model": "10327957",
      "manufacturerModel": "5561477"
    },
    "images": {
      "thumbnail": "https://boots.scene7.com/is/image/Boots/10327957?wid=45&hei=60&op_sharpen=1"
    },
    "offers": [
      {
        "text": "Free gift when you buy 3 selected Lancome Products, 1 to be Skincare - whilst stocks last"
      },
      {
        "text": "Free gift when you buy selected Lancome - whilst stocks last"
      },
      {
        "text": "Save up to 20 percent on selected fragrances"
      }
    ],
    "actions": {},
    "iconUri": "https://boots.scene7.com/is/image/Boots/10327957?op_sharpen=1",
    "title": "Lancôme Idôle Now Eau de Parfum 50ml",
    "referenceUri": "/lanc%C3%B4me-id%C3%B4le-now-eau-de-parfum-50-ml-10327957",
    "canAddToBasket": "yes",
    "opticians": false,
    "inStock": true,
    "expressDelivery": false,
    "hasOtherPromotion": true,
    "channelPromotionalTextMap": {
      "-1": [
        "Free gift when you buy 3 selected Lancome Products, 1 to be Skincare - whilst stocks last",
        "Free gift when you buy selected Lancome - whilst stocks last",
        "Save up to 20 percent on selected fragrances"
      ],
      "-6": [
        "Free gift when you buy 3 selected Lancome Products, 1 to be Skincare - whilst stocks last",
        "Free gift when you buy selected Lancome - whilst stocks last",
        "Save up to 20 percent on selected fragrances"
      ]
    },
    "adCardPoints": 228
  },
  {
    "_id": {
      "$oid": "65ec108d9884656b92f55752"
    },
    "ppuQuantity": "50ML",
    "pricing": {
      "perUnit": "£164.04 per 100ML",
      "regular": {
        "value": 96.5,
        "currency": "GBP",
        "text": "£96.50"
      },
      "current": {
        "value": 82.02,
        "currency": "GBP",
        "text": "£82.02"
      },
      "saving": {
        "value": 14.48,
        "currency": "GBP",
        "text": "£14.48"
      }
    },
    "objectId": "2867197",
    "brand": "Lancome",
    "attributes": {
      "fragrance_scent": "floral",
      "product_type": "perfume",
      "gender": "womens",
      "size": "41-50",
      "StockOverrideMessage": "STOCK_COMING_SOON",
      "format": "spray",
      "fragrance_type": "eau de parfum",
      "hasPriceAdvantageDeal": false,
      "ProductReviewFlag": "1"
    },
    "variants": {
      "colours": [],
      "hasColours": false,
      "hasSizes": false
    },
    "categories": [
      [
        {
          "name": "fragrance",
          "label": "fragrance"
        },
        {
          "name": "gift",
          "label": "gift"
        },
        {
          "name": "new in",
          "label": "new in"
        }
      ],
      [
        {
          "name": "perfume",
          "label": "fragrance > perfume"
        },
        {
          "name": "gifts for her",
          "label": "gift > gifts for her"
        },
        {
          "name": "new in fragrance",
          "label": "fragrance > new in fragrance"
        },
        {
          "name": "brands",
          "label": "fragrance > brands"
        },
        {
          "name": "new in fragrance",
          "label": "new in > new in fragrance"
        }
      ],
      [
        {
          "name": "all perfumes",
          "label": "fragrance > perfume > all perfumes"
        },
        {
          "name": "floral perfume",
          "label": "fragrance > perfume > floral perfume"
        },
        {
          "name": "all perfumes",
          "label": "gift > gifts for her > all perfumes"
        }
      ]
    ],
    "reviews": {
      "average": null,
      "count": null,
      "rounded": null
    },
    "parent": {
      "product": "2867196",
      "partNumber": "10332718.P",
      "model": "10332718",
      "manufacturerModel": "5755859"
    },
    "images": {
      "thumbnail": "https://boots.scene7.com/is/image/Boots/10332718?wid=45&hei=60&op_sharpen=1"
    },
    "offers": [
      {
        "text": "Free gift when you buy 3 selected Lancome Products, 1 to be Skincare - whilst stocks last"
      },
      {
        "text": "Free gift when you buy selected Lancome - whilst stocks last"
      },
      {
        "text": "Save up to 20 percent on selected fragrances"
      }
    ],
    "actions": {},
    "iconUri": "https://boots.scene7.com/is/image/Boots/10332718?op_sharpen=1",
    "title": "Lancome La Vie Est Belle Holiday Exclusive Eau de Parfum 50ml",
    "referenceUri": "/lancome-la-vie-est-belle-holiday-exclusive-eau-de-parfum-50ml-10332718",
    "canAddToBasket": "yes",
    "opticians": false,
    "inStock": true,
    "expressDelivery": false,
    "hasOtherPromotion": true,
    "channelPromotionalTextMap": {
      "-1": [
        "Free gift when you buy 3 selected Lancome Products, 1 to be Skincare - whilst stocks last",
        "Free gift when you buy selected Lancome - whilst stocks last",
        "Save up to 20 percent on selected fragrances"
      ],
      "-6": [
        "Free gift when you buy 3 selected Lancome Products, 1 to be Skincare - whilst stocks last",
        "Free gift when you buy selected Lancome - whilst stocks last",
        "Save up to 20 percent on selected fragrances"
      ]
    },
    "adCardPoints": 246
  },
  {
    "_id": {
      "$oid": "65ec108d9884656b92f55753"
    },
    "ppuQuantity": null,
    "pricing": {
      "perUnit": "",
      "regular": {
        "value": 107,
        "currency": "GBP",
        "text": "£107.00"
      },
      "current": {
        "value": 107,
        "currency": "GBP",
        "text": "£107.00"
      }
    },
    "objectId": "2801611",
    "brand": "Lancome",
    "attributes": {
      "hasPriceAdvantageDeal": false,
      "product_type": "gift set",
      "StockOverrideMessage": "STOCK_COMING_SOON",
      "ProductReviewFlag": "1"
    },
    "variants": {
      "colours": [],
      "hasColours": false,
      "hasSizes": false
    },
    "categories": [
      [
        {
          "name": "new in",
          "label": "new in"
        },
        {
          "name": "beauty & skincare",
          "label": "beauty & skincare"
        },
        {
          "name": "fragrance",
          "label": "fragrance"
        },
        {
          "name": "gift",
          "label": "gift"
        }
      ],
      [
        {
          "name": "new in beauty & skincare",
          "label": "new in > new in beauty & skincare"
        },
        {
          "name": "premium beauty & skincare",
          "label": "beauty & skincare > premium beauty & skincare"
        },
        {
          "name": "perfume",
          "label": "fragrance > perfume"
        },
        {
          "name": "gifts for her",
          "label": "gift > gifts for her"
        },
        {
          "name": "new in beauty & skincare",
          "label": "beauty & skincare > new in beauty & skincare"
        },
        {
          "name": "fragrance gift sets",
          "label": "fragrance > fragrance gift sets"
        }
      ],
      [
        {
          "name": "premium beauty gifts",
          "label": "beauty & skincare > premium beauty & skincare > premium beauty gifts"
        },
        {
          "name": "all perfumes",
          "label": "fragrance > perfume > all perfumes"
        },
        {
          "name": "premium beauty gifts",
          "label": "gift > gifts for her > premium beauty gifts"
        },
        {
          "name": "all perfumes",
          "label": "gift > gifts for her > all perfumes"
        }
      ]
    ],
    "reviews": {
      "average": 4.5,
      "count": 2,
      "rounded": 4
    },
    "parent": {
      "product": "2801610",
      "partNumber": "10325094.P",
      "model": "10325094",
      "manufacturerModel": "5398657"
    },
    "images": {
      "thumbnail": "https://boots.scene7.com/is/image/Boots/10325094?wid=45&hei=60&op_sharpen=1"
    },
    "offers": [],
    "actions": {},
    "iconUri": "https://boots.scene7.com/is/image/Boots/10325094?op_sharpen=1",
    "title": "Lancôme La Vie Est Belle  Eau De Parfum 50ML Set",
    "referenceUri": "/lancome-la-vie-est-belle--eau-de-parfum-50ml-set-10325094",
    "canAddToBasket": "yes",
    "opticians": false,
    "inStock": true,
    "expressDelivery": false,
    "hasOtherPromotion": false,
    "channelPromotionalTextMap": {
      "-1": [],
      "-6": []
    },
    "adCardPoints": 321
  },
  {
    "_id": {
      "$oid": "65ec108d9884656b92f55754"
    },
    "ppuQuantity": "50ML",
    "pricing": {
      "perUnit": "£40.00 per 100ML",
      "regular": {
        "value": 40,
        "currency": "GBP",
        "text": "£40.00"
      },
      "current": {
        "value": 20,
        "currency": "GBP",
        "text": "£20.00"
      },
      "saving": {
        "value": 20,
        "currency": "GBP",
        "text": "£20.00"
      }
    },
    "objectId": "117659",
    "brand": "Ghost",
    "attributes": {
      "fragrance_scent": [
        "amber",
        "floral"
      ],
      "suitable_for": "vegan",
      "size": "41-50",
      "gender": "womens",
      "StockOverrideMessage": "STOCK_COMING_SOON",
      "Size": "50ml",
      "parentCategory_UK": "33071",
      "fragrance_type": "eau de toilette",
      "hasPriceAdvantageDeal": false,
      "Reporting_Category": "fragrance",
      "ProductReviewFlag": "1"
    },
    "variants": {
      "colours": [],
      "hasColours": false,
      "hasSizes": false
    },
    "categories": [
      [
        {
          "name": "vegan",
          "label": "vegan"
        },
        {
          "name": "fragrance",
          "label": "fragrance"
        },
        {
          "name": "gift",
          "label": "gift"
        },
        {
          "name": "wellness",
          "label": "wellness"
        },
        {
          "name": "mother's day",
          "label": "mother's day"
        }
      ],
      [
        {
          "name": "vegan fragrance",
          "label": "vegan > vegan fragrance"
        },
        {
          "name": "perfume",
          "label": "fragrance > perfume"
        },
        {
          "name": "fragrance offers",
          "label": "fragrance > fragrance offers"
        },
        {
          "name": "gifts for her",
          "label": "gift > gifts for her"
        },
        {
          "name": "vegan",
          "label": "wellness > vegan"
        },
        {
          "name": "5* rated perfumes & aftershaves",
          "label": "fragrance > 5* rated perfumes & aftershaves"
        },
        {
          "name": "vegan fragrance",
          "label": "fragrance > vegan fragrance"
        },
        {
          "name": "all gifts",
          "label": "gift > all gifts"
        },
        {
          "name": "shop all",
          "label": "mother's day > shop all"
        }
      ],
      [
        {
          "name": "all perfumes",
          "label": "fragrance > perfume > all perfumes"
        },
        {
          "name": "floral perfume",
          "label": "fragrance > perfume > floral perfume"
        },
        {
          "name": "amber perfume",
          "label": "fragrance > perfume > amber perfume"
        },
        {
          "name": "save up to half price",
          "label": "fragrance > fragrance offers > save up to half price"
        },
        {
          "name": "save up to 20% on fragrance",
          "label": "fragrance > fragrance offers > save up to 20% on fragrance"
        },
        {
          "name": "black friday fragrance offers",
          "label": "fragrance > fragrance offers > black friday fragrance offers"
        },
        {
          "name": "all perfumes",
          "label": "gift > gifts for her > all perfumes"
        },
        {
          "name": "vegan fragrance",
          "label": "wellness > vegan > vegan fragrance"
        }
      ]
    ],
    "reviews": {
      "average": 4.78,
      "count": 129,
      "rounded": 4
    },
    "parent": {
      "product": "117658",
      "partNumber": "10075651.P",
      "model": "10075651",
      "manufacturerModel": "5498619"
    },
    "images": {
      "thumbnail": "https://boots.scene7.com/is/image/Boots/10075651?wid=45&hei=60&op_sharpen=1"
    },
    "offers": [
      {
        "text": "Save up to 1/2 price on selected fragrances"
      }
    ],
    "actions": {},
    "iconUri": "https://boots.scene7.com/is/image/Boots/10075651?op_sharpen=1",
    "title": "GHOST Sweetheart Eau de Toilette 50ml",
    "referenceUri": "/ghost-sweetheart-eau-de-toilette-50ml-10075651",
    "canAddToBasket": "yes",
    "opticians": false,
    "inStock": true,
    "expressDelivery": false,
    "hasOtherPromotion": true,
    "channelPromotionalTextMap": {
      "-1": [
        "Save up to 1/2 price on selected fragrances"
      ],
      "-6": [
        "Save up to 1/2 price on selected fragrances"
      ]
    },
    "adCardPoints": 60
  },
  {
    "_id": {
      "$oid": "65ec108d9884656b92f55755"
    },
    "ppuQuantity": "50ML",
    "pricing": {
      "perUnit": "£39.20 per 100ML",
      "regular": {
        "value": 40,
        "currency": "GBP",
        "text": "£40.00"
      },
      "current": {
        "value": 19.6,
        "currency": "GBP",
        "text": "£19.60"
      },
      "saving": {
        "value": 20.4,
        "currency": "GBP",
        "text": "£20.40"
      }
    },
    "objectId": "3804",
    "brand": "Ghost",
    "attributes": {
      "fragrance_scent": [
        "fruity",
        "musk",
        "floral"
      ],
      "suitable_for": "vegan",
      "StockOverrideMessage": "STOCK_COMING_SOON",
      "gender": "womens",
      "Size": [
        "50 ml",
        "50ml"
      ],
      "parentCategory_UK": "33071",
      "fragrance_type": "eau de toilette",
      "Reporting_Category": "fragrance",
      "gift_type": [
        "fragrance gift sets",
        "fragrance gifts"
      ],
      "product_type": "gift set",
      "size": "41-50",
      "recipient": "gifts for women",
      "hasPriceAdvantageDeal": false,
      "ProductReviewFlag": "1"
    },
    "variants": {
      "colours": [],
      "hasColours": false,
      "hasSizes": false
    },
    "categories": [
      [
        {
          "name": "vegan",
          "label": "vegan"
        },
        {
          "name": "fragrance",
          "label": "fragrance"
        },
        {
          "name": "gift",
          "label": "gift"
        },
        {
          "name": "wellness",
          "label": "wellness"
        },
        {
          "name": "mother's day",
          "label": "mother's day"
        }
      ],
      [
        {
          "name": "vegan fragrance",
          "label": "vegan > vegan fragrance"
        },
        {
          "name": "perfume",
          "label": "fragrance > perfume"
        },
        {
          "name": "gifts for her",
          "label": "gift > gifts for her"
        },
        {
          "name": "vegan",
          "label": "wellness > vegan"
        },
        {
          "name": "fragrance offers",
          "label": "fragrance > fragrance offers"
        },
        {
          "name": "5* rated perfumes & aftershaves",
          "label": "fragrance > 5* rated perfumes & aftershaves"
        },
        {
          "name": "vegan fragrance",
          "label": "fragrance > vegan fragrance"
        },
        {
          "name": "shop all",
          "label": "mother's day > shop all"
        }
      ],
      [
        {
          "name": "all perfumes",
          "label": "fragrance > perfume > all perfumes"
        },
        {
          "name": "musky perfume",
          "label": "fragrance > perfume > musky perfume"
        },
        {
          "name": "floral perfume",
          "label": "fragrance > perfume > floral perfume"
        },
        {
          "name": "all perfumes",
          "label": "gift > gifts for her > all perfumes"
        },
        {
          "name": "vegan fragrance",
          "label": "wellness > vegan > vegan fragrance"
        }
      ]
    ],
    "reviews": {
      "average": 4.72,
      "count": 88,
      "rounded": 4
    },
    "parent": {
      "product": "3803",
      "partNumber": "10013260.P",
      "model": "10013260",
      "manufacturerModel": "4032071"
    },
    "images": {
      "thumbnail": "https://boots.scene7.com/is/image/Boots/10013260?wid=45&hei=60&op_sharpen=1"
    },
    "offers": [
      {
        "text": "Better than 1/2 price on Ghost Eau De Toilette Spray 50ml"
      }
    ],
    "actions": {},
    "iconUri": "https://boots.scene7.com/is/image/Boots/10013260?op_sharpen=1",
    "title": "GHOST Eau De Toilette Spray 50ml",
    "referenceUri": "/ghost-eau-de-toilette-spray-50ml-10013260",
    "canAddToBasket": "yes",
    "opticians": false,
    "inStock": true,
    "expressDelivery": false,
    "hasOtherPromotion": true,
    "channelPromotionalTextMap": {
      "-1": [
        "Better than 1/2 price on Ghost Eau De Toilette Spray 50ml"
      ],
      "-6": [
        "Better than 1/2 price on Ghost Eau De Toilette Spray 50ml"
      ]
    },
    "adCardPoints": 57
  },
  {
    "_id": {
      "$oid": "65ec108d9884656b92f55756"
    },
    "ppuQuantity": "30ML",
    "pricing": {
      "perUnit": "£44.43 per 100ML",
      "regular": {
        "value": 20,
        "currency": "GBP",
        "text": "£20.00"
      },
      "current": {
        "value": 13.33,
        "currency": "GBP",
        "text": "£13.33"
      },
      "saving": {
        "value": 6.67,
        "currency": "GBP",
        "text": "£6.67"
      }
    },
    "objectId": "2733196",
    "brand": "Ted Baker",
    "attributes": {
      "fragrance_scent": [
        "fruity",
        "floral"
      ],
      "size": "21-30",
      "gender": "womens",
      "StockOverrideMessage": "SOLD_OUT",
      "fragrance_type": "eau de toilette",
      "hasPriceAdvantageDeal": false,
      "ProductReviewFlag": "1"
    },
    "variants": {
      "colours": [],
      "hasColours": false,
      "hasSizes": false
    },
    "categories": [
      [
        {
          "name": "fragrance",
          "label": "fragrance"
        },
        {
          "name": "gift",
          "label": "gift"
        }
      ],
      [
        {
          "name": "5* rated perfumes & aftershaves",
          "label": "fragrance > 5* rated perfumes & aftershaves"
        },
        {
          "name": "perfume",
          "label": "fragrance > perfume"
        },
        {
          "name": "fragrance offers",
          "label": "fragrance > fragrance offers"
        },
        {
          "name": "gifts for her",
          "label": "gift > gifts for her"
        },
        {
          "name": "brands",
          "label": "fragrance > brands"
        }
      ],
      [
        {
          "name": "all perfumes",
          "label": "fragrance > perfume > all perfumes"
        },
        {
          "name": "save up to half price",
          "label": "fragrance > fragrance offers > save up to half price"
        },
        {
          "name": "all perfumes",
          "label": "gift > gifts for her > all perfumes"
        }
      ]
    ],
    "reviews": {
      "average": 4.47,
      "count": 17,
      "rounded": 4
    },
    "parent": {
      "product": "2733195",
      "partNumber": "10318985.P",
      "model": "10318985",
      "manufacturerModel": "4345894"
    },
    "images": {
      "thumbnail": "https://boots.scene7.com/is/image/Boots/10318985?wid=45&hei=60&op_sharpen=1"
    },
    "offers": [
      {
        "text": "Save up to 1/2 price on selected fragrances"
      }
    ],
    "actions": {},
    "iconUri": "https://boots.scene7.com/is/image/Boots/10318985?op_sharpen=1",
    "title": "Ted Baker Floret Mia Eau de Toilette 30ml",
    "referenceUri": "/ted-baker-floret-mia-eau-de-toilette-30ml-10318985p",
    "canAddToBasket": "yes",
    "opticians": false,
    "inStock": true,
    "expressDelivery": false,
    "hasOtherPromotion": true,
    "channelPromotionalTextMap": {
      "-1": [
        "Save up to 1/2 price on selected fragrances"
      ],
      "-6": [
        "Save up to 1/2 price on selected fragrances"
      ]
    },
    "adCardPoints": 39
  },
  {
    "_id": {
      "$oid": "65ec108d9884656b92f55757"
    },
    "ppuQuantity": "50ML",
    "pricing": {
      "perUnit": "£109.50 per 100ML",
      "regular": {
        "value": 73,
        "currency": "GBP",
        "text": "£73.00"
      },
      "current": {
        "value": 54.75,
        "currency": "GBP",
        "text": "£54.75"
      },
      "saving": {
        "value": 18.25,
        "currency": "GBP",
        "text": "£18.25"
      }
    },
    "objectId": "2631686",
    "brand": "Kayali",
    "attributes": {
      "fragrance_scent": "vanilla",
      "StockOverrideMessage": "STOCK_COMING_SOON",
      "size": "41-50",
      "fragrance_type": "eau de parfum",
      "hasPriceAdvantageDeal": false,
      "Reporting_Category": "fragrance",
      "ProductReviewFlag": "1"
    },
    "variants": {
      "colours": [],
      "hasColours": false,
      "hasSizes": false
    },
    "categories": [
      [
        {
          "name": "fragrance",
          "label": "fragrance"
        },
        {
          "name": "beauty & skincare",
          "label": "beauty & skincare"
        },
        {
          "name": "gift",
          "label": "gift"
        }
      ],
      [
        {
          "name": "5* rated perfumes & aftershaves",
          "label": "fragrance > 5* rated perfumes & aftershaves"
        },
        {
          "name": "premium beauty & skincare",
          "label": "beauty & skincare > premium beauty & skincare"
        },
        {
          "name": "perfume",
          "label": "fragrance > perfume"
        },
        {
          "name": "gifts for her",
          "label": "gift > gifts for her"
        }
      ],
      [
        {
          "name": "save up to 25% across selected premium beauty and No7",
          "label": "beauty & skincare > premium beauty & skincare > save up to 25% across selected premium beauty and No7"
        },
        {
          "name": "all perfumes",
          "label": "fragrance > perfume > all perfumes"
        },
        {
          "name": "vanilla perfume",
          "label": "fragrance > perfume > vanilla perfume"
        },
        {
          "name": "all perfumes",
          "label": "gift > gifts for her > all perfumes"
        }
      ]
    ],
    "reviews": {
      "average": 4.35,
      "count": 63,
      "rounded": 4
    },
    "parent": {
      "product": "2631685",
      "partNumber": "10305700.P",
      "model": "10305700",
      "manufacturerModel": "8989702"
    },
    "images": {
      "thumbnail": "https://boots.scene7.com/is/image/Boots/10305700?wid=45&hei=60&op_sharpen=1"
    },
    "offers": [
      {
        "text": "Save up to 25 percent across selected Premium Beauty"
      }
    ],
    "actions": {},
    "iconUri": "https://boots.scene7.com/is/image/Boots/10305700?op_sharpen=1",
    "title": "Kayali Vanilla 28 Eau de Parfum 50ml",
    "referenceUri": "/kayali-vanilla--28-eau-de-parfum-50ml-10305700",
    "canAddToBasket": "yes",
    "opticians": false,
    "inStock": true,
    "expressDelivery": false,
    "hasOtherPromotion": true,
    "channelPromotionalTextMap": {
      "-1": [
        "Save up to 25 percent across selected Premium Beauty"
      ],
      "-6": [
        "Save up to 25 percent across selected Premium Beauty"
      ]
    },
    "adCardPoints": 162
  },
  {
    "_id": {
      "$oid": "65ec108d9884656b92f55758"
    },
    "ppuQuantity": "100ML",
    "pricing": {
      "perUnit": "£49.99 per 100ML",
      "regular": {
        "value": 75,
        "currency": "GBP",
        "text": "£75.00"
      },
      "current": {
        "value": 49.99,
        "currency": "GBP",
        "text": "£49.99"
      },
      "saving": {
        "value": 25.01,
        "currency": "GBP",
        "text": "£25.01"
      }
    },
    "objectId": "2484971",
    "brand": "Emporio Armani",
    "attributes": {
      "fragrance_scent": [
        "citrus",
        "fruity",
        "amber",
        "jasmine",
        "floral"
      ],
      "StockOverrideMessage": "STOCK_COMING_SOON",
      "size": "71-100",
      "gender": "womens",
      "fragrance_type": "eau de parfum",
      "hasPriceAdvantageDeal": false,
      "Reporting_Category": "fragrance",
      "gift_type": "fragrance gifts",
      "ProductReviewFlag": "1"
    },
    "variants": {
      "colours": [],
      "hasColours": false,
      "hasSizes": false
    },
    "categories": [
      [
        {
          "name": "mother's day",
          "label": "mother's day"
        },
        {
          "name": "fragrance",
          "label": "fragrance"
        },
        {
          "name": "gift",
          "label": "gift"
        }
      ],
      [
        {
          "name": "shop all",
          "label": "mother's day > shop all"
        },
        {
          "name": "perfume",
          "label": "fragrance > perfume"
        },
        {
          "name": "fragrance offers",
          "label": "fragrance > fragrance offers"
        },
        {
          "name": "gifts for her",
          "label": "gift > gifts for her"
        },
        {
          "name": "5* rated perfumes & aftershaves",
          "label": "fragrance > 5* rated perfumes & aftershaves"
        },
        {
          "name": "all gifts",
          "label": "gift > all gifts"
        }
      ],
      [
        {
          "name": "all perfumes",
          "label": "fragrance > perfume > all perfumes"
        },
        {
          "name": "floral perfume",
          "label": "fragrance > perfume > floral perfume"
        },
        {
          "name": "amber perfume",
          "label": "fragrance > perfume > amber perfume"
        },
        {
          "name": "save up to half price",
          "label": "fragrance > fragrance offers > save up to half price"
        },
        {
          "name": "all perfumes",
          "label": "gift > gifts for her > all perfumes"
        }
      ]
    ],
    "reviews": {
      "average": 4.65,
      "count": 97,
      "rounded": 4
    },
    "parent": {
      "product": "2484970",
      "partNumber": "10290478.P",
      "model": "10290478",
      "manufacturerModel": "2184850"
    },
    "images": {
      "thumbnail": "https://boots.scene7.com/is/image/Boots/10290478?wid=45&hei=60&op_sharpen=1"
    },
    "offers": [
      {
        "text": "Save up to 1/2 price on selected fragrances"
      }
    ],
    "actions": {},
    "iconUri": "https://boots.scene7.com/is/image/Boots/10290478?op_sharpen=1",
    "title": "Emporio Armani She Eau de Parfum 100ml",
    "referenceUri": "/emporio-armani-she-eau-de-parfum-100ml-10290478",
    "canAddToBasket": "yes",
    "opticians": false,
    "inStock": true,
    "expressDelivery": false,
    "hasOtherPromotion": true,
    "channelPromotionalTextMap": {
      "-1": [
        "Save up to 1/2 price on selected fragrances"
      ],
      "-6": [
        "Save up to 1/2 price on selected fragrances"
      ]
    },
    "adCardPoints": 147
  },
  {
    "_id": {
      "$oid": "65ec108d9884656b92f55759"
    },
    "ppuQuantity": "60ML",
    "pricing": {
      "perUnit": "£134.58 per 100ML",
      "regular": {
        "value": 95,
        "currency": "GBP",
        "text": "£95.00"
      },
      "current": {
        "value": 80.75,
        "currency": "GBP",
        "text": "£80.75"
      },
      "saving": {
        "value": 14.25,
        "currency": "GBP",
        "text": "£14.25"
      }
    },
    "objectId": "2928111",
    "brand": "Mugler",
    "attributes": {
      "fragrance_scent": [
        "floral",
        "amber"
      ],
      "product_type": "body spray",
      "size": "51-70",
      "gender": "womens",
      "StockOverrideMessage": "STOCK_COMING_SOON",
      "format": "spray",
      "fragrance_type": "eau de parfum",
      "hasPriceAdvantageDeal": false,
      "ProductReviewFlag": "1"
    },
    "variants": {
      "colours": [],
      "hasColours": false,
      "hasSizes": false
    },
    "categories": [
      [
        {
          "name": "new in",
          "label": "new in"
        },
        {
          "name": "fragrance",
          "label": "fragrance"
        },
        {
          "name": "gift",
          "label": "gift"
        },
        {
          "name": "mother's day",
          "label": "mother's day"
        }
      ],
      [
        {
          "name": "new in fragrance",
          "label": "new in > new in fragrance"
        },
        {
          "name": "perfume",
          "label": "fragrance > perfume"
        },
        {
          "name": "recommended",
          "label": "fragrance > recommended"
        },
        {
          "name": "gifts for her",
          "label": "gift > gifts for her"
        },
        {
          "name": "new in fragrance",
          "label": "fragrance > new in fragrance"
        },
        {
          "name": "shop all",
          "label": "mother's day > shop all"
        }
      ],
      [
        {
          "name": "all perfumes",
          "label": "fragrance > perfume > all perfumes"
        },
        {
          "name": "floral perfume",
          "label": "fragrance > perfume > floral perfume"
        },
        {
          "name": "amber perfume",
          "label": "fragrance > perfume > amber perfume"
        },
        {
          "name": "best floral perfumes",
          "label": "fragrance > recommended > best floral perfumes"
        },
        {
          "name": "all perfumes",
          "label": "gift > gifts for her > all perfumes"
        }
      ]
    ],
    "reviews": {
      "average": 4.79,
      "count": 592,
      "rounded": 4
    },
    "parent": {
      "product": "2928110",
      "partNumber": "10339507.P",
      "model": "10339507",
      "manufacturerModel": "2150190"
    },
    "images": {
      "thumbnail": "https://boots.scene7.com/is/image/Boots/10339507?wid=45&hei=60&op_sharpen=1"
    },
    "offers": [
      {
        "text": "Free gift when you buy selected Mugler - whilst stocks last"
      },
      {
        "text": "Save up to 20 percent on selected fragrances"
      }
    ],
    "actions": {},
    "iconUri": "https://boots.scene7.com/is/image/Boots/10339507?op_sharpen=1",
    "title": "Mugler Alien Hypersense Eau de Parfum 60ml",
    "referenceUri": "/mugler-alien-hypersense-eau-de-parfum-60ml-10339507",
    "canAddToBasket": "yes",
    "opticians": false,
    "inStock": true,
    "expressDelivery": false,
    "hasOtherPromotion": true,
    "channelPromotionalTextMap": {
      "-1": [
        "Free gift when you buy selected Mugler - whilst stocks last",
        "Save up to 20 percent on selected fragrances"
      ],
      "-6": [
        "Free gift when you buy selected Mugler - whilst stocks last",
        "Save up to 20 percent on selected fragrances"
      ]
    },
    "adCardPoints": 240
  },
  {
    "_id": {
      "$oid": "65ec108d9884656b92f5575a"
    },
    "ppuQuantity": "100ML",
    "pricing": {
      "perUnit": "£27.00 per 100ML",
      "regular": {
        "value": 54,
        "currency": "GBP",
        "text": "£54.00"
      },
      "current": {
        "value": 27,
        "currency": "GBP",
        "text": "£27.00"
      },
      "saving": {
        "value": 27,
        "currency": "GBP",
        "text": "£27.00"
      }
    },
    "objectId": "2937",
    "brand": "Cerruti",
    "attributes": {
      "fragrance_scent": [
        "floral",
        "woody",
        "aromatic"
      ],
      "StockOverrideMessage": "STOCK_COMING_SOON",
      "Size": "100ml",
      "parentCategory_UK": "33071",
      "fragrance_type": "eau de toilette",
      "hasPriceAdvantageDeal": false,
      "Reporting_Category": "fragrance",
      "ProductReviewFlag": "1"
    },
    "variants": {
      "colours": [],
      "hasColours": false,
      "hasSizes": false
    },
    "categories": [
      [
        {
          "name": "fragrance",
          "label": "fragrance"
        },
        {
          "name": "gift",
          "label": "gift"
        }
      ],
      [
        {
          "name": "5* rated perfumes & aftershaves",
          "label": "fragrance > 5* rated perfumes & aftershaves"
        },
        {
          "name": "perfume",
          "label": "fragrance > perfume"
        },
        {
          "name": "fragrance offers",
          "label": "fragrance > fragrance offers"
        },
        {
          "name": "gifts for her",
          "label": "gift > gifts for her"
        }
      ],
      [
        {
          "name": "all perfumes",
          "label": "fragrance > perfume > all perfumes"
        },
        {
          "name": "floral perfume",
          "label": "fragrance > perfume > floral perfume"
        },
        {
          "name": "save up to half price",
          "label": "fragrance > fragrance offers > save up to half price"
        },
        {
          "name": "save up to 60 percent",
          "label": "fragrance > fragrance offers > save up to 60 percent"
        },
        {
          "name": "save up to 20% on fragrance",
          "label": "fragrance > fragrance offers > save up to 20% on fragrance"
        },
        {
          "name": "all perfumes",
          "label": "gift > gifts for her > all perfumes"
        }
      ]
    ],
    "reviews": {
      "average": 4.7,
      "count": 165,
      "rounded": 4
    },
    "parent": {
      "product": "2936",
      "partNumber": "10011410.P",
      "model": "10011410",
      "manufacturerModel": "2542358"
    },
    "images": {
      "thumbnail": "https://boots.scene7.com/is/image/Boots/10011410?wid=45&hei=60&op_sharpen=1"
    },
    "offers": [
      {
        "text": "Save up to 1/2 price on selected fragrances"
      }
    ],
    "actions": {},
    "iconUri": "https://boots.scene7.com/is/image/Boots/10011410?op_sharpen=1",
    "title": "Cerruti 1881 Femme Eau de Toilette Spray 100ml",
    "referenceUri": "/cerruti-1881-femme-eau-de-toilette-spray-100ml-10011410",
    "canAddToBasket": "yes",
    "opticians": false,
    "inStock": true,
    "expressDelivery": false,
    "hasOtherPromotion": true,
    "channelPromotionalTextMap": {
      "-1": [
        "Save up to 1/2 price on selected fragrances"
      ],
      "-6": [
        "Save up to 1/2 price on selected fragrances"
      ]
    },
    "adCardPoints": 81
  },
  {
    "_id": {
      "$oid": "65ec108d9884656b92f5575b"
    },
    "ppuQuantity": "50ML",
    "pricing": {
      "perUnit": "£139.40 per 100ML",
      "regular": {
        "value": 82,
        "currency": "GBP",
        "text": "£82.00"
      },
      "current": {
        "value": 69.7,
        "currency": "GBP",
        "text": "£69.70"
      },
      "saving": {
        "value": 12.3,
        "currency": "GBP",
        "text": "£12.30"
      }
    },
    "objectId": "2220100",
    "brand": "Christian Dior",
    "attributes": {
      "fragrance_scent": "floral",
      "gender": "womens",
      "size": "41-50",
      "StockOverrideMessage": "STOCK_COMING_SOON",
      "fragrance_type": "eau de toilette",
      "hasPriceAdvantageDeal": false,
      "Reporting_Category": "fragrance",
      "ProductReviewFlag": "1"
    },
    "variants": {
      "colours": [],
      "hasColours": false,
      "hasSizes": false
    },
    "categories": [
      [
        {
          "name": "fragrance",
          "label": "fragrance"
        },
        {
          "name": "gift",
          "label": "gift"
        }
      ],
      [
        {
          "name": "5* rated perfumes & aftershaves",
          "label": "fragrance > 5* rated perfumes & aftershaves"
        },
        {
          "name": "perfume",
          "label": "fragrance > perfume"
        },
        {
          "name": "fragrance offers",
          "label": "fragrance > fragrance offers"
        },
        {
          "name": "gifts for her",
          "label": "gift > gifts for her"
        }
      ],
      [
        {
          "name": "all perfumes",
          "label": "fragrance > perfume > all perfumes"
        },
        {
          "name": "floral perfume",
          "label": "fragrance > perfume > floral perfume"
        },
        {
          "name": "Save 15% on 100s of fragrances",
          "label": "fragrance > fragrance offers > Save 15% on 100s of fragrances"
        },
        {
          "name": "all perfumes",
          "label": "gift > gifts for her > all perfumes"
        }
      ]
    ],
    "reviews": {
      "average": 4.59,
      "count": 80,
      "rounded": 4
    },
    "parent": {
      "product": "2220099",
      "partNumber": "10259484.P",
      "model": "10259484",
      "manufacturerModel": "8410798"
    },
    "images": {
      "thumbnail": "https://boots.scene7.com/is/image/Boots/10259484?wid=45&hei=60&op_sharpen=1"
    },
    "offers": [
      {
        "text": "Save up to 20 percent on selected fragrances"
      }
    ],
    "actions": {},
    "iconUri": "https://boots.scene7.com/is/image/Boots/10259484?op_sharpen=1",
    "title": "DIOR Miss Dior Eau de Toilette 50ml",
    "referenceUri": "/dior-miss-dior-eau-de-toilette-50ml-10259484",
    "canAddToBasket": "yes",
    "opticians": false,
    "inStock": true,
    "expressDelivery": false,
    "hasOtherPromotion": true,
    "channelPromotionalTextMap": {
      "-1": [
        "Save up to 20 percent on selected fragrances"
      ],
      "-6": [
        "Save up to 20 percent on selected fragrances"
      ]
    },
    "adCardPoints": 207
  },
  {
    "_id": {
      "$oid": "65ec108d9884656b92f5575c"
    },
    "ppuQuantity": "50ML",
    "pricing": {
      "perUnit": "£164.90 per 100ML",
      "regular": {
        "value": 97,
        "currency": "GBP",
        "text": "£97.00"
      },
      "current": {
        "value": 82.45,
        "currency": "GBP",
        "text": "£82.45"
      },
      "saving": {
        "value": 14.55,
        "currency": "GBP",
        "text": "£14.55"
      }
    },
    "objectId": "2717115",
    "brand": "Prada",
    "attributes": {
      "fragrance_scent": [
        "amber",
        "woody"
      ],
      "size": "41-50",
      "StockOverrideMessage": "STOCK_COMING_SOON",
      "fragrance_type": "eau de parfum",
      "hasPriceAdvantageDeal": false,
      "gift_type": "fragrance gifts",
      "ProductReviewFlag": "1"
    },
    "variants": {
      "colours": [],
      "hasColours": false,
      "hasSizes": false
    },
    "categories": [
      [
        {
          "name": "fragrance",
          "label": "fragrance"
        },
        {
          "name": "beauty & skincare",
          "label": "beauty & skincare"
        },
        {
          "name": "gift",
          "label": "gift"
        },
        {
          "name": "mother's day",
          "label": "mother's day"
        }
      ],
      [
        {
          "name": "beauty awards",
          "label": "beauty & skincare > beauty awards"
        },
        {
          "name": "perfume",
          "label": "fragrance > perfume"
        },
        {
          "name": "recommended",
          "label": "fragrance > recommended"
        },
        {
          "name": "gifts for her",
          "label": "gift > gifts for her"
        },
        {
          "name": "luxury fragrance",
          "label": "fragrance > luxury fragrance"
        },
        {
          "name": "brands",
          "label": "fragrance > brands"
        },
        {
          "name": "5* rated perfumes & aftershaves",
          "label": "fragrance > 5* rated perfumes & aftershaves"
        },
        {
          "name": "shop all",
          "label": "mother's day > shop all"
        }
      ],
      [
        {
          "name": "2023 beauty awards winners",
          "label": "beauty & skincare > beauty awards > 2023 beauty awards winners"
        },
        {
          "name": "beauty awards nominees",
          "label": "beauty & skincare > beauty awards > beauty awards nominees"
        },
        {
          "name": "all perfumes",
          "label": "fragrance > perfume > all perfumes"
        },
        {
          "name": "trending fragrance",
          "label": "fragrance > recommended > trending fragrance"
        },
        {
          "name": "all perfumes",
          "label": "gift > gifts for her > all perfumes"
        }
      ]
    ],
    "reviews": {
      "average": 4.78,
      "count": 6490,
      "rounded": 4
    },
    "parent": {
      "product": "2717114",
      "partNumber": "10317217.P",
      "model": "10317217",
      "manufacturerModel": "4139674"
    },
    "images": {
      "thumbnail": "https://boots.scene7.com/is/image/Boots/10317217?wid=45&hei=60&op_sharpen=1"
    },
    "offers": [
      {
        "text": "Free gift when you buy selected Prada - whilst stocks last"
      },
      {
        "text": "Save up to 20 percent on selected fragrances"
      }
    ],
    "actions": {},
    "iconUri": "https://boots.scene7.com/is/image/Boots/10317217?op_sharpen=1",
    "title": "Prada Paradoxe Eau de Parfum 50ml",
    "referenceUri": "/prada-paradoxe-eau-de-parfum-50ml-10317217",
    "canAddToBasket": "yes",
    "opticians": false,
    "inStock": true,
    "expressDelivery": false,
    "hasOtherPromotion": true,
    "channelPromotionalTextMap": {
      "-1": [
        "Free gift when you buy selected Prada - whilst stocks last",
        "Save up to 20 percent on selected fragrances"
      ],
      "-6": [
        "Free gift when you buy selected Prada - whilst stocks last",
        "Save up to 20 percent on selected fragrances"
      ]
    },
    "adCardPoints": 246
  },
  {
    "_id": {
      "$oid": "65ec108d9884656b92f5575d"
    },
    "ppuQuantity": "90ML",
    "pricing": {
      "perUnit": "£19.56 per 100ML",
      "regular": {
        "value": 22,
        "currency": "GBP",
        "text": "£22.00"
      },
      "current": {
        "value": 17.6,
        "currency": "GBP",
        "text": "£17.60"
      },
      "saving": {
        "value": 4.4,
        "currency": "GBP",
        "text": "£4.40"
      }
    },
    "objectId": "2859623",
    "brand": "Sol de Janeiro",
    "attributes": {
      "hasPriceAdvantageDeal": false,
      "product_type": "body spray",
      "StockOverrideMessage": "STOCK_COMING_SOON",
      "size": "71-100",
      "ProductReviewFlag": "1"
    },
    "variants": {
      "colours": [],
      "hasColours": false,
      "hasSizes": false
    },
    "categories": [
      [
        {
          "name": "new in",
          "label": "new in"
        },
        {
          "name": "beauty & skincare",
          "label": "beauty & skincare"
        },
        {
          "name": "fragrance",
          "label": "fragrance"
        },
        {
          "name": "sun & holiday",
          "label": "sun & holiday"
        },
        {
          "name": "gift",
          "label": "gift"
        }
      ],
      [
        {
          "name": "new in beauty & skincare",
          "label": "new in > new in beauty & skincare"
        },
        {
          "name": "premium beauty & skincare",
          "label": "beauty & skincare > premium beauty & skincare"
        },
        {
          "name": "perfume",
          "label": "fragrance > perfume"
        },
        {
          "name": "festival",
          "label": "sun & holiday > festival"
        },
        {
          "name": "gifts for her",
          "label": "gift > gifts for her"
        },
        {
          "name": "new in beauty & skincare",
          "label": "beauty & skincare > new in beauty & skincare"
        },
        {
          "name": "brands",
          "label": "beauty & skincare > brands"
        }
      ],
      [
        {
          "name": "save up to 25% across selected premium beauty and No7",
          "label": "beauty & skincare > premium beauty & skincare > save up to 25% across selected premium beauty and No7"
        },
        {
          "name": "all perfumes",
          "label": "fragrance > perfume > all perfumes"
        },
        {
          "name": "hair & body mists",
          "label": "fragrance > perfume > hair & body mists"
        },
        {
          "name": "festival skincare",
          "label": "sun & holiday > festival > festival skincare"
        },
        {
          "name": "all perfumes",
          "label": "gift > gifts for her > all perfumes"
        }
      ]
    ],
    "reviews": {
      "average": 4.43,
      "count": 600,
      "rounded": 4
    },
    "parent": {
      "product": "2859622",
      "partNumber": "10331529.P",
      "model": "10331529",
      "manufacturerModel": "5733642"
    },
    "images": {
      "thumbnail": "https://boots.scene7.com/is/image/Boots/10331529?wid=45&hei=60&op_sharpen=1"
    },
    "offers": [
      {
        "text": "Save up to 25 percent across selected Premium Beauty"
      }
    ],
    "actions": {},
    "iconUri": "https://boots.scene7.com/is/image/Boots/10331529?op_sharpen=1",
    "title": "Sol de Janeiro Rio Radiance Perfume Mist 90ml",
    "referenceUri": "/sol-de-janerio-rio-radiance-perfume-mist-90ml-10331529",
    "canAddToBasket": "yes",
    "opticians": false,
    "inStock": true,
    "expressDelivery": false,
    "hasOtherPromotion": true,
    "channelPromotionalTextMap": {
      "-1": [
        "Save up to 25 percent across selected Premium Beauty"
      ],
      "-6": [
        "Save up to 25 percent across selected Premium Beauty"
      ]
    },
    "adCardPoints": 51
  },
  {
    "_id": {
      "$oid": "65ec108d9884656b92f5575e"
    },
    "ppuQuantity": "100ML",
    "pricing": {
      "perUnit": "£73.50 per 100ML",
      "regular": {
        "value": 98,
        "currency": "GBP",
        "text": "£98.00"
      },
      "current": {
        "value": 73.5,
        "currency": "GBP",
        "text": "£73.50"
      },
      "saving": {
        "value": 24.5,
        "currency": "GBP",
        "text": "£24.50"
      }
    },
    "objectId": "2631696",
    "brand": "Kayali",
    "attributes": {
      "fragrance_scent": "vanilla",
      "size": "71-100",
      "StockOverrideMessage": "STOCK_COMING_SOON",
      "fragrance_type": "eau de parfum",
      "hasPriceAdvantageDeal": false,
      "Reporting_Category": "fragrance",
      "ProductReviewFlag": "1"
    },
    "variants": {
      "colours": [],
      "hasColours": false,
      "hasSizes": false
    },
    "categories": [
      [
        {
          "name": "gift",
          "label": "gift"
        },
        {
          "name": "beauty & skincare",
          "label": "beauty & skincare"
        },
        {
          "name": "fragrance",
          "label": "fragrance"
        }
      ],
      [
        {
          "name": "Eid gifts",
          "label": "gift > Eid gifts"
        },
        {
          "name": "premium beauty & skincare",
          "label": "beauty & skincare > premium beauty & skincare"
        },
        {
          "name": "perfume",
          "label": "fragrance > perfume"
        },
        {
          "name": "gifts for her",
          "label": "gift > gifts for her"
        },
        {
          "name": "5* rated perfumes & aftershaves",
          "label": "fragrance > 5* rated perfumes & aftershaves"
        }
      ],
      [
        {
          "name": "save up to 25% across selected premium beauty and No7",
          "label": "beauty & skincare > premium beauty & skincare > save up to 25% across selected premium beauty and No7"
        },
        {
          "name": "all perfumes",
          "label": "fragrance > perfume > all perfumes"
        },
        {
          "name": "vanilla perfume",
          "label": "fragrance > perfume > vanilla perfume"
        },
        {
          "name": "all perfumes",
          "label": "gift > gifts for her > all perfumes"
        }
      ]
    ],
    "reviews": {
      "average": 4.35,
      "count": 63,
      "rounded": 4
    },
    "parent": {
      "product": "2631695",
      "partNumber": "10305705.P",
      "model": "10305705",
      "manufacturerModel": "8989753"
    },
    "images": {
      "thumbnail": "https://boots.scene7.com/is/image/Boots/10305705?wid=45&hei=60&op_sharpen=1"
    },
    "offers": [
      {
        "text": "Save up to 25 percent across selected Premium Beauty"
      }
    ],
    "actions": {},
    "iconUri": "https://boots.scene7.com/is/image/Boots/10305705?op_sharpen=1",
    "title": "Kayali Vanilla 28 Eau de Parfum 100ml",
    "referenceUri": "/kayali-vanilla--28-eau-de-parfum-100ml-10305705",
    "canAddToBasket": "yes",
    "opticians": false,
    "inStock": true,
    "expressDelivery": false,
    "hasOtherPromotion": true,
    "channelPromotionalTextMap": {
      "-1": [
        "Save up to 25 percent across selected Premium Beauty"
      ],
      "-6": [
        "Save up to 25 percent across selected Premium Beauty"
      ]
    },
    "adCardPoints": 219
  },
  {
    "_id": {
      "$oid": "65ec108d9884656b92f5575f"
    },
    "ppuQuantity": "50ML",
    "pricing": {
      "perUnit": "£105.40 per 100ML",
      "regular": {
        "value": 62,
        "currency": "GBP",
        "text": "£62.00"
      },
      "current": {
        "value": 52.7,
        "currency": "GBP",
        "text": "£52.70"
      },
      "saving": {
        "value": 9.3,
        "currency": "GBP",
        "text": "£9.30"
      }
    },
    "objectId": "1319761",
    "brand": "Liz Earle",
    "attributes": {
      "fragrance_scent": [
        "woody",
        "floral",
        "amber",
        "citrus"
      ],
      "StockOverrideMessage": "STOCK_COMING_SOON",
      "size": "41-50",
      "parentCategory_UK": "33109",
      "format": "spray",
      "fragrance_type": "eau de parfum",
      "hasPriceAdvantageDeal": false,
      "Reporting_Category": "fragrance",
      "body_area": "body",
      "key_features": "cruelty-free",
      "ProductReviewFlag": "1"
    },
    "variants": {
      "colours": [],
      "hasColours": false,
      "hasSizes": false
    },
    "categories": [
      [
        {
          "name": "mother's day",
          "label": "mother's day"
        },
        {
          "name": "beauty & skincare",
          "label": "beauty & skincare"
        },
        {
          "name": "fragrance",
          "label": "fragrance"
        },
        {
          "name": "gift",
          "label": "gift"
        }
      ],
      [
        {
          "name": "shop all",
          "label": "mother's day > shop all"
        },
        {
          "name": "premium beauty & skincare",
          "label": "beauty & skincare > premium beauty & skincare"
        },
        {
          "name": "perfume",
          "label": "fragrance > perfume"
        },
        {
          "name": "gifts for her",
          "label": "gift > gifts for her"
        }
      ],
      [
        {
          "name": "premium skincare",
          "label": "beauty & skincare > premium beauty & skincare > premium skincare"
        },
        {
          "name": "all perfumes",
          "label": "fragrance > perfume > all perfumes"
        },
        {
          "name": "floral perfume",
          "label": "fragrance > perfume > floral perfume"
        },
        {
          "name": "amber perfume",
          "label": "fragrance > perfume > amber perfume"
        },
        {
          "name": "all perfumes",
          "label": "gift > gifts for her > all perfumes"
        }
      ]
    ],
    "reviews": {
      "average": 4.7,
      "count": 119,
      "rounded": 4
    },
    "parent": {
      "product": "1319760",
      "partNumber": "10154305.P",
      "model": "10154305",
      "manufacturerModel": "1021036"
    },
    "images": {
      "thumbnail": "https://boots.scene7.com/is/image/Boots/10154305?wid=45&hei=60&op_sharpen=1"
    },
    "offers": [
      {
        "text": "Use code LIZEARLE10 to save £10 when you spend £30 on selected Liz Earle - online only"
      },
      {
        "text": "Save up to 25 percent across selected Premium Beauty"
      }
    ],
    "actions": {},
    "iconUri": "https://boots.scene7.com/is/image/Boots/10154305?op_sharpen=1",
    "title": "Liz Earle Botanical Essence™ No.15 Eau de Parfum 50ml",
    "referenceUri": "/liz-earle-botanical-essence-eau-de-parfum-no-15-50ml-10154305",
    "canAddToBasket": "yes",
    "opticians": false,
    "inStock": true,
    "expressDelivery": false,
    "hasOtherPromotion": true,
    "channelPromotionalTextMap": {
      "-1": [
        "Use code LIZEARLE10 to save £10 when you spend £30 on selected Liz Earle - online only",
        "Save up to 25 percent across selected Premium Beauty"
      ],
      "-6": [
        "Use code LIZEARLE10 to save £10 when you spend £30 on selected Liz Earle - online only",
        "Save up to 25 percent across selected Premium Beauty"
      ]
    },
    "adCardPoints": 156
  },
  {
    "_id": {
      "$oid": "65ec108d9884656b92f55760"
    },
    "ppuQuantity": "100ML",
    "pricing": {
      "perUnit": "£116.45 per 100ML",
      "regular": {
        "value": 137,
        "currency": "GBP",
        "text": "£137.00"
      },
      "current": {
        "value": 116.45,
        "currency": "GBP",
        "text": "£116.45"
      },
      "saving": {
        "value": 20.55,
        "currency": "GBP",
        "text": "£20.55"
      }
    },
    "objectId": "2590190",
    "brand": "Christian Dior",
    "attributes": {
      "fragrance_scent": "floral",
      "StockOverrideMessage": "STOCK_COMING_SOON",
      "size": "71-100",
      "gender": "womens",
      "fragrance_type": "eau de parfum",
      "hasPriceAdvantageDeal": false,
      "Reporting_Category": "fragrance",
      "ProductReviewFlag": "1"
    },
    "variants": {
      "colours": [],
      "hasColours": false,
      "hasSizes": false
    },
    "categories": [
      [
        {
          "name": "gift",
          "label": "gift"
        },
        {
          "name": "fragrance",
          "label": "fragrance"
        }
      ],
      [
        {
          "name": "all gifts",
          "label": "gift > all gifts"
        },
        {
          "name": "perfume",
          "label": "fragrance > perfume"
        },
        {
          "name": "recommended",
          "label": "fragrance > recommended"
        },
        {
          "name": "gifts for her",
          "label": "gift > gifts for her"
        },
        {
          "name": "gift by occasion",
          "label": "gift > gift by occasion"
        },
        {
          "name": "5* rated perfumes & aftershaves",
          "label": "fragrance > 5* rated perfumes & aftershaves"
        },
        {
          "name": "birthday gifts",
          "label": "gift > birthday gifts"
        }
      ],
      [
        {
          "name": "all perfumes",
          "label": "fragrance > perfume > all perfumes"
        },
        {
          "name": "floral perfume",
          "label": "fragrance > perfume > floral perfume"
        },
        {
          "name": "trending fragrance",
          "label": "fragrance > recommended > trending fragrance"
        },
        {
          "name": "all perfumes",
          "label": "gift > gifts for her > all perfumes"
        },
        {
          "name": "wedding gifts",
          "label": "gift > gift by occasion > wedding gifts"
        }
      ]
    ],
    "reviews": {
      "average": 4.65,
      "count": 2014,
      "rounded": 4
    },
    "parent": {
      "product": "2590189",
      "partNumber": "10300556.P",
      "model": "10300556",
      "manufacturerModel": "4766946"
    },
    "images": {
      "thumbnail": "https://boots.scene7.com/is/image/Boots/10300556?wid=45&hei=60&op_sharpen=1"
    },
    "offers": [
      {
        "text": "Save up to 20 percent on selected fragrances"
      }
    ],
    "actions": {},
    "iconUri": "https://boots.scene7.com/is/image/Boots/10300556?op_sharpen=1",
    "title": "DIOR Miss Dior Eau de Parfum 100ml",
    "referenceUri": "/dior-miss-dior-eau-de-parfum-100ml-10300556",
    "canAddToBasket": "yes",
    "opticians": false,
    "inStock": true,
    "expressDelivery": false,
    "hasOtherPromotion": true,
    "channelPromotionalTextMap": {
      "-1": [
        "Save up to 20 percent on selected fragrances"
      ],
      "-6": [
        "Save up to 20 percent on selected fragrances"
      ]
    },
    "adCardPoints": 348
  },
  {
    "_id": {
      "$oid": "65ec108d9884656b92f55761"
    },
    "ppuQuantity": "30ML",
    "pricing": {
      "perUnit": "£189.83 per 100ML",
      "regular": {
        "value": 67,
        "currency": "GBP",
        "text": "£67.00"
      },
      "current": {
        "value": 56.95,
        "currency": "GBP",
        "text": "£56.95"
      },
      "saving": {
        "value": 10.05,
        "currency": "GBP",
        "text": "£10.05"
      }
    },
    "objectId": "2928109",
    "brand": "Mugler",
    "attributes": {
      "fragrance_scent": [
        "floral",
        "amber"
      ],
      "product_type": "body spray",
      "size": "21-30",
      "gender": "womens",
      "StockOverrideMessage": "STOCK_COMING_SOON",
      "format": "spray",
      "fragrance_type": "eau de parfum",
      "hasPriceAdvantageDeal": false,
      "ProductReviewFlag": "1"
    },
    "variants": {
      "colours": [],
      "hasColours": false,
      "hasSizes": false
    },
    "categories": [
      [
        {
          "name": "new in",
          "label": "new in"
        },
        {
          "name": "fragrance",
          "label": "fragrance"
        },
        {
          "name": "gift",
          "label": "gift"
        },
        {
          "name": "mother's day",
          "label": "mother's day"
        }
      ],
      [
        {
          "name": "new in fragrance",
          "label": "new in > new in fragrance"
        },
        {
          "name": "perfume",
          "label": "fragrance > perfume"
        },
        {
          "name": "recommended",
          "label": "fragrance > recommended"
        },
        {
          "name": "gifts for her",
          "label": "gift > gifts for her"
        },
        {
          "name": "new in fragrance",
          "label": "fragrance > new in fragrance"
        },
        {
          "name": "shop all",
          "label": "mother's day > shop all"
        }
      ],
      [
        {
          "name": "all perfumes",
          "label": "fragrance > perfume > all perfumes"
        },
        {
          "name": "floral perfume",
          "label": "fragrance > perfume > floral perfume"
        },
        {
          "name": "amber perfume",
          "label": "fragrance > perfume > amber perfume"
        },
        {
          "name": "best floral perfumes",
          "label": "fragrance > recommended > best floral perfumes"
        },
        {
          "name": "all perfumes",
          "label": "gift > gifts for her > all perfumes"
        }
      ]
    ],
    "reviews": {
      "average": 4.79,
      "count": 592,
      "rounded": 4
    },
    "parent": {
      "product": "2928108",
      "partNumber": "10339506.P",
      "model": "10339506",
      "manufacturerModel": "2150182"
    },
    "images": {
      "thumbnail": "https://boots.scene7.com/is/image/Boots/10339506?wid=45&hei=60&op_sharpen=1"
    },
    "offers": [
      {
        "text": "Save up to 20 percent on selected fragrances"
      }
    ],
    "actions": {},
    "iconUri": "https://boots.scene7.com/is/image/Boots/10339506?op_sharpen=1",
    "title": "Mugler Alien Hypersense Eau de Parfum 30ml",
    "referenceUri": "/mugler-alien-hypersense-eau-de-parfum-30ml-10339506",
    "canAddToBasket": "yes",
    "opticians": false,
    "inStock": true,
    "expressDelivery": false,
    "hasOtherPromotion": true,
    "channelPromotionalTextMap": {
      "-1": [
        "Save up to 20 percent on selected fragrances"
      ],
      "-6": [
        "Save up to 20 percent on selected fragrances"
      ]
    },
    "adCardPoints": 168
  },
  {
    "_id": {
      "$oid": "65ec108d9884656b92f55762"
    },
    "ppuQuantity": "50ML",
    "pricing": {
      "perUnit": "£76.50 per 100ML",
      "regular": {
        "value": 45,
        "currency": "GBP",
        "text": "£45.00"
      },
      "current": {
        "value": 38.25,
        "currency": "GBP",
        "text": "£38.25"
      },
      "saving": {
        "value": 6.75,
        "currency": "GBP",
        "text": "£6.75"
      }
    },
    "objectId": "1340585",
    "brand": "Emporio Armani",
    "attributes": {
      "fragrance_scent": [
        "amber",
        "floral",
        "fruity"
      ],
      "product_type": "gift set",
      "gender": "womens",
      "StockOverrideMessage": "STOCK_COMING_SOON",
      "size": "41-50",
      "parentCategory_UK": "33071",
      "fragrance_type": "eau de toilette",
      "recipient": "gifts for women",
      "hasPriceAdvantageDeal": false,
      "Reporting_Category": "fragrance",
      "gift_type": [
        "fragrance gift sets",
        "fragrance gifts"
      ],
      "ProductReviewFlag": "1"
    },
    "variants": {
      "colours": [],
      "hasColours": false,
      "hasSizes": false
    },
    "categories": [
      [
        {
          "name": "fragrance",
          "label": "fragrance"
        },
        {
          "name": "gift",
          "label": "gift"
        }
      ],
      [
        {
          "name": "perfume",
          "label": "fragrance > perfume"
        },
        {
          "name": "fragrance offers",
          "label": "fragrance > fragrance offers"
        },
        {
          "name": "gifts for her",
          "label": "gift > gifts for her"
        }
      ],
      [
        {
          "name": "all perfumes",
          "label": "fragrance > perfume > all perfumes"
        },
        {
          "name": "floral perfume",
          "label": "fragrance > perfume > floral perfume"
        },
        {
          "name": "amber perfume",
          "label": "fragrance > perfume > amber perfume"
        },
        {
          "name": "Save 15% on 100s of fragrances",
          "label": "fragrance > fragrance offers > Save 15% on 100s of fragrances"
        },
        {
          "name": "all perfumes",
          "label": "gift > gifts for her > all perfumes"
        }
      ]
    ],
    "reviews": {
      "average": 4.65,
      "count": 55,
      "rounded": 4
    },
    "parent": {
      "product": "1340584",
      "partNumber": "10156910.P",
      "model": "10156910",
      "manufacturerModel": "1504541"
    },
    "images": {
      "thumbnail": "https://boots.scene7.com/is/image/Boots/10156910?wid=45&hei=60&op_sharpen=1"
    },
    "offers": [
      {
        "text": "Save up to 20 percent on selected fragrances"
      }
    ],
    "actions": {},
    "iconUri": "https://boots.scene7.com/is/image/Boots/10156910?op_sharpen=1",
    "title": "Emporio Armani Diamonds Rose Eau de Toilette 50ml",
    "referenceUri": "/emporio-armani-diamonds-rose-eau-de-toilette-50ml-10156910",
    "canAddToBasket": "yes",
    "opticians": false,
    "inStock": true,
    "expressDelivery": false,
    "hasOtherPromotion": true,
    "channelPromotionalTextMap": {
      "-1": [
        "Save up to 20 percent on selected fragrances"
      ],
      "-6": [
        "Save up to 20 percent on selected fragrances"
      ]
    },
    "adCardPoints": 114
  },
  {
    "_id": {
      "$oid": "65ec108d9884656b92f55763"
    },
    "ppuQuantity": "100ML",
    "pricing": {
      "perUnit": "£116.45 per 100ML",
      "regular": {
        "value": 137,
        "currency": "GBP",
        "text": "£137.00"
      },
      "current": {
        "value": 116.45,
        "currency": "GBP",
        "text": "£116.45"
      },
      "saving": {
        "value": 20.55,
        "currency": "GBP",
        "text": "£20.55"
      }
    },
    "objectId": "2969",
    "brand": "Christian Dior",
    "attributes": {
      "fragrance_scent": [
        "sweet",
        "floral",
        "woody",
        "fruity",
        "musk"
      ],
      "StockOverrideMessage": "SOLD_OUT",
      "gender": "womens",
      "parentCategory_UK": "33071",
      "recipient": "gifts for women",
      "fragrance_type": "eau de parfum",
      "hasPriceAdvantageDeal": false,
      "Reporting_Category": "fragrance",
      "gift_type": "fragrance gifts",
      "ProductReviewFlag": "1"
    },
    "variants": {
      "colours": [],
      "hasColours": false,
      "hasSizes": false
    },
    "categories": [
      [
        {
          "name": "gift",
          "label": "gift"
        },
        {
          "name": "fragrance",
          "label": "fragrance"
        }
      ],
      [
        {
          "name": "gifts for her",
          "label": "gift > gifts for her"
        },
        {
          "name": "perfume",
          "label": "fragrance > perfume"
        },
        {
          "name": "fragrance offers",
          "label": "fragrance > fragrance offers"
        },
        {
          "name": "recommended",
          "label": "fragrance > recommended"
        }
      ],
      [
        {
          "name": "all perfumes",
          "label": "fragrance > perfume > all perfumes"
        },
        {
          "name": "musky perfume",
          "label": "fragrance > perfume > musky perfume"
        },
        {
          "name": "floral perfume",
          "label": "fragrance > perfume > floral perfume"
        },
        {
          "name": "save up to 20% on fragrance",
          "label": "fragrance > fragrance offers > save up to 20% on fragrance"
        },
        {
          "name": "Save 15% on 100s of fragrances",
          "label": "fragrance > fragrance offers > Save 15% on 100s of fragrances"
        },
        {
          "name": "best floral perfumes",
          "label": "fragrance > recommended > best floral perfumes"
        },
        {
          "name": "all perfumes",
          "label": "gift > gifts for her > all perfumes"
        }
      ]
    ],
    "reviews": {
      "average": 5,
      "count": 3,
      "rounded": 5
    },
    "parent": {
      "product": "2968",
      "partNumber": "10011441.P",
      "model": "10011441",
      "manufacturerModel": "1792334"
    },
    "images": {
      "thumbnail": "https://boots.scene7.com/is/image/Boots/10011441?wid=45&hei=60&op_sharpen=1"
    },
    "offers": [
      {
        "text": "Save up to 20 percent on selected fragrances"
      }
    ],
    "actions": {},
    "iconUri": "https://boots.scene7.com/is/image/Boots/10011441?op_sharpen=1",
    "title": "DIOR J'adore Eau de Parfum Spray 100ml",
    "referenceUri": "/dior-jadore-eau-de-parfum-spray-100ml-10011441",
    "canAddToBasket": "yes",
    "opticians": false,
    "inStock": true,
    "expressDelivery": false,
    "hasOtherPromotion": true,
    "channelPromotionalTextMap": {
      "-1": [
        "Save up to 20 percent on selected fragrances"
      ],
      "-6": [
        "Save up to 20 percent on selected fragrances"
      ]
    },
    "adCardPoints": 348
  },
  {
    "_id": {
      "$oid": "65ec108d9884656b92f55764"
    },
    "ppuQuantity": "100ML",
    "pricing": {
      "perUnit": "£23.00 per 100ML",
      "regular": {
        "value": 46,
        "currency": "GBP",
        "text": "£46.00"
      },
      "current": {
        "value": 23,
        "currency": "GBP",
        "text": "£23.00"
      },
      "saving": {
        "value": 23,
        "currency": "GBP",
        "text": "£23.00"
      }
    },
    "objectId": "23209",
    "brand": "Britney Spears",
    "attributes": {
      "fragrance_scent": [
        "amber",
        "jasmine",
        "musk",
        "fruity",
        "sweet"
      ],
      "gender": "womens",
      "size": "71-100",
      "StockOverrideMessage": "STOCK_COMING_SOON",
      "parentCategory_UK": "33071",
      "fragrance_type": "eau de parfum",
      "hasPriceAdvantageDeal": false,
      "Reporting_Category": "fragrance",
      "ProductReviewFlag": "1"
    },
    "variants": {
      "colours": [],
      "hasColours": false,
      "hasSizes": false
    },
    "categories": [
      [
        {
          "name": "fragrance",
          "label": "fragrance"
        },
        {
          "name": "gift",
          "label": "gift"
        }
      ],
      [
        {
          "name": "5* rated perfumes & aftershaves",
          "label": "fragrance > 5* rated perfumes & aftershaves"
        },
        {
          "name": "perfume",
          "label": "fragrance > perfume"
        },
        {
          "name": "fragrance offers",
          "label": "fragrance > fragrance offers"
        },
        {
          "name": "gifts for her",
          "label": "gift > gifts for her"
        },
        {
          "name": "celebrity fragrance",
          "label": "fragrance > celebrity fragrance"
        }
      ],
      [
        {
          "name": "all perfumes",
          "label": "fragrance > perfume > all perfumes"
        },
        {
          "name": "musky perfume",
          "label": "fragrance > perfume > musky perfume"
        },
        {
          "name": "amber perfume",
          "label": "fragrance > perfume > amber perfume"
        },
        {
          "name": "save up to half price",
          "label": "fragrance > fragrance offers > save up to half price"
        },
        {
          "name": "save up to 60 percent",
          "label": "fragrance > fragrance offers > save up to 60 percent"
        },
        {
          "name": "save up to 20% on fragrance",
          "label": "fragrance > fragrance offers > save up to 20% on fragrance"
        },
        {
          "name": "black friday fragrance offers",
          "label": "fragrance > fragrance offers > black friday fragrance offers"
        },
        {
          "name": "all perfumes",
          "label": "gift > gifts for her > all perfumes"
        }
      ]
    ],
    "reviews": {
      "average": 4.7,
      "count": 155,
      "rounded": 4
    },
    "parent": {
      "product": "23208",
      "partNumber": "10051159.P",
      "model": "10051159",
      "manufacturerModel": "2125706"
    },
    "images": {
      "thumbnail": "https://boots.scene7.com/is/image/Boots/10051159?wid=45&hei=60&op_sharpen=1"
    },
    "offers": [
      {
        "text": "Save up to 1/2 price on selected fragrances"
      }
    ],
    "actions": {},
    "iconUri": "https://boots.scene7.com/is/image/Boots/10051159?op_sharpen=1",
    "title": "Britney Spears Fantasy Eau de Parfum 100ml",
    "referenceUri": "/britney-spears-fantasy-eau-de-parfum-100ml-10051159",
    "canAddToBasket": "yes",
    "opticians": false,
    "inStock": true,
    "expressDelivery": false,
    "hasOtherPromotion": true,
    "channelPromotionalTextMap": {
      "-1": [
        "Save up to 1/2 price on selected fragrances"
      ],
      "-6": [
        "Save up to 1/2 price on selected fragrances"
      ]
    },
    "adCardPoints": 69
  },
  {
    "_id": {
      "$oid": "65ec108d9884656b92f55765"
    },
    "ppuQuantity": "50ML",
    "pricing": {
      "perUnit": "£164.00 per 100ML",
      "regular": {
        "value": 97,
        "currency": "GBP",
        "text": "£97.00"
      },
      "current": {
        "value": 82,
        "currency": "GBP",
        "text": "£82.00"
      },
      "saving": {
        "value": 15,
        "currency": "GBP",
        "text": "£15.00"
      }
    },
    "objectId": "2973",
    "brand": "Christian Dior",
    "attributes": {
      "fragrance_scent": [
        "sweet",
        "floral",
        "fruity",
        "musk"
      ],
      "StockOverrideMessage": "STOCK_COMING_SOON",
      "Size": [
        "50ml",
        "50 ml"
      ],
      "parentCategory_UK": "33071",
      "recipient": "gifts for women",
      "fragrance_type": "eau de parfum",
      "hasPriceAdvantageDeal": false,
      "Reporting_Category": "fragrance",
      "gift_type": "fragrance gifts",
      "ProductReviewFlag": "1"
    },
    "variants": {
      "colours": [],
      "hasColours": false,
      "hasSizes": false
    },
    "categories": [
      [
        {
          "name": "gift",
          "label": "gift"
        },
        {
          "name": "fragrance",
          "label": "fragrance"
        }
      ],
      [
        {
          "name": "all gifts",
          "label": "gift > all gifts"
        },
        {
          "name": "perfume",
          "label": "fragrance > perfume"
        },
        {
          "name": "fragrance offers",
          "label": "fragrance > fragrance offers"
        },
        {
          "name": "recommended",
          "label": "fragrance > recommended"
        },
        {
          "name": "gifts for her",
          "label": "gift > gifts for her"
        },
        {
          "name": "5* rated perfumes & aftershaves",
          "label": "fragrance > 5* rated perfumes & aftershaves"
        }
      ],
      [
        {
          "name": "all perfumes",
          "label": "fragrance > perfume > all perfumes"
        },
        {
          "name": "musky perfume",
          "label": "fragrance > perfume > musky perfume"
        },
        {
          "name": "floral perfume",
          "label": "fragrance > perfume > floral perfume"
        },
        {
          "name": "save up to 60 percent",
          "label": "fragrance > fragrance offers > save up to 60 percent"
        },
        {
          "name": "Collect £10 worth of points when you spend £60",
          "label": "fragrance > fragrance offers > Collect £10 worth of points when you spend £60"
        },
        {
          "name": "save up to 20% on fragrance",
          "label": "fragrance > fragrance offers > save up to 20% on fragrance"
        },
        {
          "name": "Save 15% on 100s of fragrances",
          "label": "fragrance > fragrance offers > Save 15% on 100s of fragrances"
        },
        {
          "name": "save £15",
          "label": "fragrance > fragrance offers > save £15"
        },
        {
          "name": "best floral perfumes",
          "label": "fragrance > recommended > best floral perfumes"
        },
        {
          "name": "all perfumes",
          "label": "gift > gifts for her > all perfumes"
        }
      ]
    ],
    "reviews": {
      "average": 4.63,
      "count": 441,
      "rounded": 4
    },
    "parent": {
      "product": "2972",
      "partNumber": "10011444.P",
      "model": "10011444",
      "manufacturerModel": "1791982"
    },
    "images": {
      "thumbnail": "https://boots.scene7.com/is/image/Boots/10011444?wid=45&hei=60&op_sharpen=1"
    },
    "offers": [
      {
        "text": "Save £15 on selected fragrance"
      }
    ],
    "actions": {},
    "iconUri": "https://boots.scene7.com/is/image/Boots/10011444?op_sharpen=1",
    "title": "DIOR J'adore Eau de Parfum Spray 50ml",
    "referenceUri": "/dior-jadore-eau-de-parfum-spray-50ml-10011444",
    "canAddToBasket": "yes",
    "opticians": false,
    "inStock": true,
    "expressDelivery": false,
    "hasOtherPromotion": true,
    "channelPromotionalTextMap": {
      "-1": [
        "Save £15 on selected fragrance"
      ],
      "-6": [
        "Save £15 on selected fragrance"
      ]
    },
    "adCardPoints": 246
  },
  {
    "_id": {
      "$oid": "65ec108d9884656b92f55766"
    },
    "ppuQuantity": "30ML",
    "pricing": {
      "perUnit": "£192.67 per 100ML",
      "regular": {
        "value": 68,
        "currency": "GBP",
        "text": "£68.00"
      },
      "current": {
        "value": 57.8,
        "currency": "GBP",
        "text": "£57.80"
      },
      "saving": {
        "value": 10.2,
        "currency": "GBP",
        "text": "£10.20"
      }
    },
    "objectId": "2971",
    "brand": "Christian Dior",
    "attributes": {
      "fragrance_scent": [
        "sweet",
        "amber",
        "floral",
        "woody",
        "fruity",
        "musk"
      ],
      "StockOverrideMessage": "STOCK_COMING_SOON",
      "Size": [
        "30 ml",
        "30ml"
      ],
      "parentCategory_UK": "33071",
      "fragrance_type": "eau de parfum",
      "hasPriceAdvantageDeal": false,
      "Reporting_Category": "fragrance",
      "ProductReviewFlag": "1"
    },
    "variants": {
      "colours": [],
      "hasColours": false,
      "hasSizes": false
    },
    "categories": [
      [
        {
          "name": "fragrance",
          "label": "fragrance"
        },
        {
          "name": "gift",
          "label": "gift"
        }
      ],
      [
        {
          "name": "5* rated perfumes & aftershaves",
          "label": "fragrance > 5* rated perfumes & aftershaves"
        },
        {
          "name": "perfume",
          "label": "fragrance > perfume"
        },
        {
          "name": "fragrance offers",
          "label": "fragrance > fragrance offers"
        },
        {
          "name": "gifts for her",
          "label": "gift > gifts for her"
        }
      ],
      [
        {
          "name": "all perfumes",
          "label": "fragrance > perfume > all perfumes"
        },
        {
          "name": "musky perfume",
          "label": "fragrance > perfume > musky perfume"
        },
        {
          "name": "floral perfume",
          "label": "fragrance > perfume > floral perfume"
        },
        {
          "name": "amber perfume",
          "label": "fragrance > perfume > amber perfume"
        },
        {
          "name": "save up to 20% on fragrance",
          "label": "fragrance > fragrance offers > save up to 20% on fragrance"
        },
        {
          "name": "Save 15% on 100s of fragrances",
          "label": "fragrance > fragrance offers > Save 15% on 100s of fragrances"
        },
        {
          "name": "all perfumes",
          "label": "gift > gifts for her > all perfumes"
        }
      ]
    ],
    "reviews": {
      "average": 4.57,
      "count": 1454,
      "rounded": 4
    },
    "parent": {
      "product": "2970",
      "partNumber": "10011442.P",
      "model": "10011442",
      "manufacturerModel": "1791893"
    },
    "images": {
      "thumbnail": "https://boots.scene7.com/is/image/Boots/10011442?wid=45&hei=60&op_sharpen=1"
    },
    "offers": [
      {
        "text": "Save up to 20 percent on selected fragrances"
      }
    ],
    "actions": {},
    "iconUri": "https://boots.scene7.com/is/image/Boots/10011442?op_sharpen=1",
    "title": "DIOR J'adore Eau de Parfum Spray 30ml",
    "referenceUri": "/dior-jadore-eau-de-parfum-spray-30ml-10011442",
    "canAddToBasket": "yes",
    "opticians": false,
    "inStock": true,
    "expressDelivery": false,
    "hasOtherPromotion": true,
    "channelPromotionalTextMap": {
      "-1": [
        "Save up to 20 percent on selected fragrances"
      ],
      "-6": [
        "Save up to 20 percent on selected fragrances"
      ]
    },
    "adCardPoints": 171
  },
  {
    "_id": {
      "$oid": "65ec108d9884656b92f55767"
    },
    "ppuQuantity": "30ML",
    "pricing": {
      "perUnit": "£189.83 per 100ML",
      "regular": {
        "value": 67,
        "currency": "GBP",
        "text": "£67.00"
      },
      "current": {
        "value": 56.95,
        "currency": "GBP",
        "text": "£56.95"
      },
      "saving": {
        "value": 10.05,
        "currency": "GBP",
        "text": "£10.05"
      }
    },
    "objectId": "2314553",
    "brand": "Valentino",
    "attributes": {
      "fragrance_scent": [
        "amber",
        "floral",
        "woody",
        "jasmine",
        "vanilla"
      ],
      "StockOverrideMessage": "STOCK_COMING_SOON",
      "size": "21-30",
      "gender": "womens",
      "fragrance_type": "eau de parfum",
      "format": "spray",
      "hasPriceAdvantageDeal": false,
      "Reporting_Category": "fragrance",
      "ProductReviewFlag": "1"
    },
    "variants": {
      "colours": [],
      "hasColours": false,
      "hasSizes": false
    },
    "categories": [
      [
        {
          "name": "fragrance",
          "label": "fragrance"
        },
        {
          "name": "gift",
          "label": "gift"
        }
      ],
      [
        {
          "name": "5* rated perfumes & aftershaves",
          "label": "fragrance > 5* rated perfumes & aftershaves"
        },
        {
          "name": "perfume",
          "label": "fragrance > perfume"
        },
        {
          "name": "fragrance offers",
          "label": "fragrance > fragrance offers"
        },
        {
          "name": "gifts for her",
          "label": "gift > gifts for her"
        }
      ],
      [
        {
          "name": "all perfumes",
          "label": "fragrance > perfume > all perfumes"
        },
        {
          "name": "vanilla perfume",
          "label": "fragrance > perfume > vanilla perfume"
        },
        {
          "name": "floral perfume",
          "label": "fragrance > perfume > floral perfume"
        },
        {
          "name": "amber perfume",
          "label": "fragrance > perfume > amber perfume"
        },
        {
          "name": "Save 15% on 100s of fragrances",
          "label": "fragrance > fragrance offers > Save 15% on 100s of fragrances"
        },
        {
          "name": "all perfumes",
          "label": "gift > gifts for her > all perfumes"
        }
      ]
    ],
    "reviews": {
      "average": 4.74,
      "count": 1124,
      "rounded": 4
    },
    "parent": {
      "product": "2314552",
      "partNumber": "10269818.P",
      "model": "10269818",
      "manufacturerModel": "8638667"
    },
    "images": {
      "thumbnail": "https://boots.scene7.com/is/image/Boots/10269818?wid=45&hei=60&op_sharpen=1"
    },
    "offers": [
      {
        "text": "Save up to 20 percent on selected fragrances"
      }
    ],
    "actions": {},
    "iconUri": "https://boots.scene7.com/is/image/Boots/10269818?op_sharpen=1",
    "title": "Valentino Donna Born In Roma Eau de Parfum 30ml",
    "referenceUri": "/valentino-donna-born-in-roma-edp-30ml-10269818",
    "canAddToBasket": "yes",
    "opticians": false,
    "inStock": true,
    "expressDelivery": false,
    "hasOtherPromotion": true,
    "channelPromotionalTextMap": {
      "-1": [
        "Save up to 20 percent on selected fragrances"
      ],
      "-6": [
        "Save up to 20 percent on selected fragrances"
      ]
    },
    "adCardPoints": 168
  },
  {
    "_id": {
      "$oid": "65ec108d9884656b92f55768"
    },
    "ppuQuantity": "30ML",
    "pricing": {
      "perUnit": "£44.43 per 100ML",
      "regular": {
        "value": 20,
        "currency": "GBP",
        "text": "£20.00"
      },
      "current": {
        "value": 13.33,
        "currency": "GBP",
        "text": "£13.33"
      },
      "saving": {
        "value": 6.67,
        "currency": "GBP",
        "text": "£6.67"
      }
    },
    "objectId": "2733198",
    "brand": "Ted Baker",
    "attributes": {
      "fragrance_scent": [
        "vanilla",
        "fruity",
        "floral"
      ],
      "size": "21-30",
      "gender": "womens",
      "StockOverrideMessage": "SOLD_OUT",
      "fragrance_type": "eau de toilette",
      "hasPriceAdvantageDeal": false,
      "ProductReviewFlag": "1"
    },
    "variants": {
      "colours": [],
      "hasColours": false,
      "hasSizes": false
    },
    "categories": [
      [
        {
          "name": "fragrance",
          "label": "fragrance"
        },
        {
          "name": "gift",
          "label": "gift"
        }
      ],
      [
        {
          "name": "brands",
          "label": "fragrance > brands"
        },
        {
          "name": "perfume",
          "label": "fragrance > perfume"
        },
        {
          "name": "fragrance offers",
          "label": "fragrance > fragrance offers"
        },
        {
          "name": "gifts for her",
          "label": "gift > gifts for her"
        }
      ],
      [
        {
          "name": "all perfumes",
          "label": "fragrance > perfume > all perfumes"
        },
        {
          "name": "save up to half price",
          "label": "fragrance > fragrance offers > save up to half price"
        },
        {
          "name": "all perfumes",
          "label": "gift > gifts for her > all perfumes"
        }
      ]
    ],
    "reviews": {
      "average": 3.13,
      "count": 8,
      "rounded": 3
    },
    "parent": {
      "product": "2733197",
      "partNumber": "10318986.P",
      "model": "10318986",
      "manufacturerModel": "4345932"
    },
    "images": {
      "thumbnail": "https://boots.scene7.com/is/image/Boots/10318986?wid=45&hei=60&op_sharpen=1"
    },
    "offers": [
      {
        "text": "Save up to 1/2 price on selected fragrances"
      }
    ],
    "actions": {},
    "iconUri": "https://boots.scene7.com/is/image/Boots/10318986?op_sharpen=1",
    "title": "Ted Baker Floret Amelia Eau de Toilette 30ml",
    "referenceUri": "/ted-baker-floret-amelia-eau-de-toilette-30ml-10318986p",
    "canAddToBasket": "yes",
    "opticians": false,
    "inStock": true,
    "expressDelivery": false,
    "hasOtherPromotion": true,
    "channelPromotionalTextMap": {
      "-1": [
        "Save up to 1/2 price on selected fragrances"
      ],
      "-6": [
        "Save up to 1/2 price on selected fragrances"
      ]
    },
    "adCardPoints": 39
  },
  {
    "_id": {
      "$oid": "65ec108d9884656b92f55769"
    },
    "ppuQuantity": "100ML",
    "pricing": {
      "perUnit": "£24.00 per 100ML",
      "regular": {
        "value": 32,
        "currency": "GBP",
        "text": "£32.00"
      },
      "current": {
        "value": 24,
        "currency": "GBP",
        "text": "£24.00"
      },
      "saving": {
        "value": 8,
        "currency": "GBP",
        "text": "£8.00"
      }
    },
    "objectId": "3181",
    "brand": "Tommy Hilfiger",
    "attributes": {
      "fragrance_scent": [
        "citrus",
        "floral"
      ],
      "size": "71-100",
      "gender": "womens",
      "StockOverrideMessage": "STOCK_COMING_SOON",
      "parentCategory_UK": "33071",
      "fragrance_type": "eau de toilette",
      "hasPriceAdvantageDeal": false,
      "ProductReviewFlag": "1"
    },
    "variants": {
      "colours": [],
      "hasColours": false,
      "hasSizes": false
    },
    "categories": [
      [
        {
          "name": "fragrance",
          "label": "fragrance"
        },
        {
          "name": "gift",
          "label": "gift"
        }
      ],
      [
        {
          "name": "5* rated perfumes & aftershaves",
          "label": "fragrance > 5* rated perfumes & aftershaves"
        },
        {
          "name": "perfume",
          "label": "fragrance > perfume"
        },
        {
          "name": "fragrance offers",
          "label": "fragrance > fragrance offers"
        },
        {
          "name": "gifts for her",
          "label": "gift > gifts for her"
        }
      ],
      [
        {
          "name": "all perfumes",
          "label": "fragrance > perfume > all perfumes"
        },
        {
          "name": "save up to half price",
          "label": "fragrance > fragrance offers > save up to half price"
        },
        {
          "name": "save up to 20% on fragrance",
          "label": "fragrance > fragrance offers > save up to 20% on fragrance"
        },
        {
          "name": "all perfumes",
          "label": "gift > gifts for her > all perfumes"
        }
      ]
    ],
    "reviews": {
      "average": 4.63,
      "count": 63,
      "rounded": 4
    },
    "parent": {
      "product": "3180",
      "partNumber": "10011853.P",
      "model": "10011853",
      "manufacturerModel": "1706454"
    },
    "images": {
      "thumbnail": "https://boots.scene7.com/is/image/Boots/10011853?wid=45&hei=60&op_sharpen=1"
    },
    "offers": [
      {
        "text": "Save up to 1/2 price on selected fragrances"
      }
    ],
    "actions": {},
    "iconUri": "https://boots.scene7.com/is/image/Boots/10011853?op_sharpen=1",
    "title": "Tommy Girl Eau de Toilette 100ml",
    "referenceUri": "/tommy-girl-cologne-eau-de-toilette-100ml-10011853",
    "canAddToBasket": "yes",
    "opticians": false,
    "inStock": true,
    "expressDelivery": false,
    "hasOtherPromotion": true,
    "channelPromotionalTextMap": {
      "-1": [
        "Save up to 1/2 price on selected fragrances"
      ],
      "-6": [
        "Save up to 1/2 price on selected fragrances"
      ]
    },
    "adCardPoints": 72
  },
  {
    "_id": {
      "$oid": "65ec108d9884656b92f5576a"
    },
    "ppuQuantity": "50ML",
    "pricing": {
      "perUnit": "£64.00 per 100ML",
      "regular": {
        "value": 62,
        "currency": "GBP",
        "text": "£62.00"
      },
      "current": {
        "value": 32,
        "currency": "GBP",
        "text": "£32.00"
      },
      "saving": {
        "value": 30,
        "currency": "GBP",
        "text": "£30.00"
      }
    },
    "objectId": "869360",
    "brand": "DKNY",
    "attributes": {
      "fragrance_scent": [
        "fruity",
        "citrus"
      ],
      "gender": "womens",
      "size": "41-50",
      "StockOverrideMessage": "STOCK_COMING_SOON",
      "parentCategory_UK": "33071",
      "fragrance_type": "eau de parfum",
      "hasPriceAdvantageDeal": false,
      "Reporting_Category": "fragrance",
      "ProductReviewFlag": "1"
    },
    "variants": {
      "colours": [],
      "hasColours": false,
      "hasSizes": false
    },
    "categories": [
      [
        {
          "name": "sun & holiday",
          "label": "sun & holiday"
        },
        {
          "name": "fragrance",
          "label": "fragrance"
        },
        {
          "name": "gift",
          "label": "gift"
        }
      ],
      [
        {
          "name": "staycation essentials",
          "label": "sun & holiday > staycation essentials"
        },
        {
          "name": "perfume",
          "label": "fragrance > perfume"
        },
        {
          "name": "fragrance offers",
          "label": "fragrance > fragrance offers"
        },
        {
          "name": "recommended",
          "label": "fragrance > recommended"
        },
        {
          "name": "gifts for her",
          "label": "gift > gifts for her"
        }
      ],
      [
        {
          "name": "all perfumes",
          "label": "fragrance > perfume > all perfumes"
        },
        {
          "name": "everyday low prices",
          "label": "fragrance > fragrance offers > everyday low prices"
        },
        {
          "name": "save up to 60 percent",
          "label": "fragrance > fragrance offers > save up to 60 percent"
        },
        {
          "name": "save up to 20% on fragrance",
          "label": "fragrance > fragrance offers > save up to 20% on fragrance"
        },
        {
          "name": "black friday fragrance offers",
          "label": "fragrance > fragrance offers > black friday fragrance offers"
        },
        {
          "name": "best summer fragrances",
          "label": "fragrance > recommended > best summer fragrances"
        },
        {
          "name": "all perfumes",
          "label": "gift > gifts for her > all perfumes"
        }
      ]
    ],
    "reviews": {
      "average": 4.73,
      "count": 59,
      "rounded": 4
    },
    "parent": {
      "product": "869359",
      "partNumber": "10085316.P",
      "model": "10085316",
      "manufacturerModel": "3203395"
    },
    "images": {
      "thumbnail": "https://boots.scene7.com/is/image/Boots/10085316?wid=45&hei=60&op_sharpen=1"
    },
    "offers": [
      {
        "text": "Save up to 1/2 price on selected fragrances"
      }
    ],
    "actions": {},
    "iconUri": "https://boots.scene7.com/is/image/Boots/10085316?op_sharpen=1",
    "title": "DKNY Be Delicious Fresh Blossom Eau de Parfum 50ml",
    "referenceUri": "/dkny-be-delicious-fresh-blossom-eau-de-parfum-50ml-10085316",
    "canAddToBasket": "yes",
    "opticians": false,
    "inStock": true,
    "expressDelivery": false,
    "hasOtherPromotion": true,
    "channelPromotionalTextMap": {
      "-1": [
        "Save up to 1/2 price on selected fragrances"
      ],
      "-6": [
        "Save up to 1/2 price on selected fragrances"
      ]
    },
    "adCardPoints": 96
  },
  {
    "_id": {
      "$oid": "65ec108d9884656b92f5576b"
    },
    "ppuQuantity": "30ML",
    "pricing": {
      "perUnit": "£189.83 per 100ML",
      "regular": {
        "value": 67,
        "currency": "GBP",
        "text": "£67.00"
      },
      "current": {
        "value": 56.95,
        "currency": "GBP",
        "text": "£56.95"
      },
      "saving": {
        "value": 10.05,
        "currency": "GBP",
        "text": "£10.05"
      }
    },
    "objectId": "862128",
    "brand": "Viktor & Rolf",
    "attributes": {
      "fragrance_scent": [
        "jasmine",
        "amber",
        "citrus",
        "floral",
        "woody"
      ],
      "gender": "womens",
      "size": "21-30",
      "StockOverrideMessage": "STOCK_COMING_SOON",
      "parentCategory_UK": "33071",
      "recipient": "gifts for women",
      "fragrance_type": "eau de parfum",
      "hasPriceAdvantageDeal": false,
      "Reporting_Category": "fragrance",
      "gift_type": "fragrance gifts",
      "ProductReviewFlag": "1"
    },
    "variants": {
      "colours": [],
      "hasColours": false,
      "hasSizes": false
    },
    "categories": [
      [
        {
          "name": "gift",
          "label": "gift"
        },
        {
          "name": "fragrance",
          "label": "fragrance"
        }
      ],
      [
        {
          "name": "gifts for her",
          "label": "gift > gifts for her"
        },
        {
          "name": "perfume",
          "label": "fragrance > perfume"
        },
        {
          "name": "fragrance offers",
          "label": "fragrance > fragrance offers"
        },
        {
          "name": "gift by occasion",
          "label": "gift > gift by occasion"
        },
        {
          "name": "5* rated perfumes & aftershaves",
          "label": "fragrance > 5* rated perfumes & aftershaves"
        }
      ],
      [
        {
          "name": "all perfumes",
          "label": "fragrance > perfume > all perfumes"
        },
        {
          "name": "floral perfume",
          "label": "fragrance > perfume > floral perfume"
        },
        {
          "name": "amber perfume",
          "label": "fragrance > perfume > amber perfume"
        },
        {
          "name": "Save 15% on 100s of fragrances",
          "label": "fragrance > fragrance offers > Save 15% on 100s of fragrances"
        },
        {
          "name": "all perfumes",
          "label": "gift > gifts for her > all perfumes"
        },
        {
          "name": "wedding gifts",
          "label": "gift > gift by occasion > wedding gifts"
        }
      ]
    ],
    "reviews": {
      "average": 4.77,
      "count": 14707,
      "rounded": 4
    },
    "parent": {
      "product": "862127",
      "partNumber": "10082746.P",
      "model": "10082746",
      "manufacturerModel": "5668875"
    },
    "images": {
      "thumbnail": "https://boots.scene7.com/is/image/Boots/10082746?wid=45&hei=60&op_sharpen=1"
    },
    "offers": [
      {
        "text": "Save up to 20 percent on selected fragrances"
      }
    ],
    "actions": {},
    "iconUri": "https://boots.scene7.com/is/image/Boots/10082746?op_sharpen=1",
    "title": "Viktor&Rolf Flowerbomb Eau de Parfum 30ml",
    "referenceUri": "/viktor-and-rolf-flowerbomb-eau-de-parfum-30ml-10082746",
    "canAddToBasket": "yes",
    "opticians": false,
    "inStock": true,
    "expressDelivery": false,
    "hasOtherPromotion": true,
    "channelPromotionalTextMap": {
      "-1": [
        "Save up to 20 percent on selected fragrances"
      ],
      "-6": [
        "Save up to 20 percent on selected fragrances"
      ]
    },
    "adCardPoints": 168
  },
  {
    "_id": {
      "$oid": "65ec108d9884656b92f5576c"
    },
    "ppuQuantity": "50ML",
    "pricing": {
      "perUnit": "£58.66 per 100ML",
      "regular": {
        "value": 44,
        "currency": "GBP",
        "text": "£44.00"
      },
      "current": {
        "value": 29.33,
        "currency": "GBP",
        "text": "£29.33"
      },
      "saving": {
        "value": 14.67,
        "currency": "GBP",
        "text": "£14.67"
      }
    },
    "objectId": "3800",
    "brand": "Ghost",
    "attributes": {
      "fragrance_scent": [
        "vanilla",
        "amber",
        "fruity"
      ],
      "suitable_for": "vegan",
      "gender": "womens",
      "StockOverrideMessage": "STOCK_COMING_SOON",
      "Size": [
        "50ml",
        "50 ml"
      ],
      "parentCategory_UK": "33071",
      "fragrance_type": "eau de toilette",
      "Reporting_Category": "fragrance",
      "gift_type": "fragrance gifts",
      "size": "41-50",
      "recipient": "gifts for women",
      "hasPriceAdvantageDeal": false,
      "ProductReviewFlag": "1"
    },
    "variants": {
      "colours": [],
      "hasColours": false,
      "hasSizes": false
    },
    "categories": [
      [
        {
          "name": "vegan",
          "label": "vegan"
        },
        {
          "name": "fragrance",
          "label": "fragrance"
        },
        {
          "name": "gift",
          "label": "gift"
        },
        {
          "name": "wellness",
          "label": "wellness"
        }
      ],
      [
        {
          "name": "vegan fragrance",
          "label": "vegan > vegan fragrance"
        },
        {
          "name": "perfume",
          "label": "fragrance > perfume"
        },
        {
          "name": "fragrance offers",
          "label": "fragrance > fragrance offers"
        },
        {
          "name": "gifts for her",
          "label": "gift > gifts for her"
        },
        {
          "name": "vegan",
          "label": "wellness > vegan"
        },
        {
          "name": "5* rated perfumes & aftershaves",
          "label": "fragrance > 5* rated perfumes & aftershaves"
        },
        {
          "name": "vegan fragrance",
          "label": "fragrance > vegan fragrance"
        }
      ],
      [
        {
          "name": "all perfumes",
          "label": "fragrance > perfume > all perfumes"
        },
        {
          "name": "vanilla perfume",
          "label": "fragrance > perfume > vanilla perfume"
        },
        {
          "name": "amber perfume",
          "label": "fragrance > perfume > amber perfume"
        },
        {
          "name": "save up to half price",
          "label": "fragrance > fragrance offers > save up to half price"
        },
        {
          "name": "save up to 20% on fragrance",
          "label": "fragrance > fragrance offers > save up to 20% on fragrance"
        },
        {
          "name": "all perfumes",
          "label": "gift > gifts for her > all perfumes"
        },
        {
          "name": "vegan fragrance",
          "label": "wellness > vegan > vegan fragrance"
        }
      ]
    ],
    "reviews": {
      "average": 4.69,
      "count": 151,
      "rounded": 4
    },
    "parent": {
      "product": "3799",
      "partNumber": "10013255.P",
      "model": "10013255",
      "manufacturerModel": "1213695"
    },
    "images": {
      "thumbnail": "https://boots.scene7.com/is/image/Boots/10013255?wid=45&hei=60&op_sharpen=1"
    },
    "offers": [
      {
        "text": "Save up to 1/2 price on selected fragrances"
      }
    ],
    "actions": {},
    "iconUri": "https://boots.scene7.com/is/image/Boots/10013255?op_sharpen=1",
    "title": "GHOST Deep Night Eau De Toilette 50ml",
    "referenceUri": "/ghost-deep-night-eau-de-toilette-50ml-10013255",
    "canAddToBasket": "yes",
    "opticians": false,
    "inStock": true,
    "expressDelivery": false,
    "hasOtherPromotion": true,
    "channelPromotionalTextMap": {
      "-1": [
        "Save up to 1/2 price on selected fragrances"
      ],
      "-6": [
        "Save up to 1/2 price on selected fragrances"
      ]
    },
    "adCardPoints": 87
  },
  {
    "_id": {
      "$oid": "65ec108d9884656b92f5576d"
    },
    "ppuQuantity": null,
    "pricing": {
      "perUnit": null,
      "regular": {
        "value": 154,
        "currency": "GBP",
        "text": "£154.00"
      },
      "current": {
        "value": 154,
        "currency": "GBP",
        "text": "£154.00"
      }
    },
    "objectId": "2766665",
    "brand": "Christian Dior",
    "attributes": {
      "hasPriceAdvantageDeal": false,
      "StockOverrideMessage": "STOCK_COMING_SOON",
      "ProductReviewFlag": "1"
    },
    "variants": {
      "colours": [],
      "hasColours": false,
      "hasSizes": false
    },
    "categories": [
      [
        {
          "name": "new in",
          "label": "new in"
        },
        {
          "name": "beauty & skincare",
          "label": "beauty & skincare"
        },
        {
          "name": "fragrance",
          "label": "fragrance"
        },
        {
          "name": "toiletries",
          "label": "toiletries"
        },
        {
          "name": "gift",
          "label": "gift"
        }
      ],
      [
        {
          "name": "new in premium beauty & skincare",
          "label": "new in > new in premium beauty & skincare"
        },
        {
          "name": "premium beauty & skincare",
          "label": "beauty & skincare > premium beauty & skincare"
        },
        {
          "name": "perfume",
          "label": "fragrance > perfume"
        },
        {
          "name": "fragrance gift sets",
          "label": "fragrance > fragrance gift sets"
        },
        {
          "name": "luxury bath & body",
          "label": "toiletries > luxury bath & body"
        },
        {
          "name": "gifts for her",
          "label": "gift > gifts for her"
        },
        {
          "name": "luxury fragrance",
          "label": "fragrance > luxury fragrance"
        },
        {
          "name": "brands",
          "label": "fragrance > brands"
        },
        {
          "name": "all baby & kids' clothing",
          "label": "gift > all baby & kids' clothing"
        },
        {
          "name": "luxury gifts",
          "label": "gift > luxury gifts"
        },
        {
          "name": "new in luxury bath & body",
          "label": "new in > new in luxury bath & body"
        }
      ],
      [
        {
          "name": "premium beauty gifts",
          "label": "beauty & skincare > premium beauty & skincare > premium beauty gifts"
        },
        {
          "name": "new in premium beauty & skincare",
          "label": "beauty & skincare > premium beauty & skincare > new in premium beauty & skincare"
        },
        {
          "name": "perfume gift sets",
          "label": "fragrance > perfume > perfume gift sets"
        },
        {
          "name": "all perfumes",
          "label": "fragrance > perfume > all perfumes"
        },
        {
          "name": "floral perfume",
          "label": "fragrance > perfume > floral perfume"
        },
        {
          "name": "perfume gift sets",
          "label": "fragrance > fragrance gift sets > perfume gift sets"
        },
        {
          "name": "all luxury bath & body",
          "label": "toiletries > luxury bath & body > all luxury bath & body"
        },
        {
          "name": "new in luxury bath & body",
          "label": "toiletries > luxury bath & body > new in luxury bath & body"
        },
        {
          "name": "all luxury bath & body",
          "label": "gift > gifts for her > all luxury bath & body"
        },
        {
          "name": "premium beauty gifts",
          "label": "gift > gifts for her > premium beauty gifts"
        },
        {
          "name": "all perfumes",
          "label": "gift > gifts for her > all perfumes"
        }
      ]
    ],
    "reviews": {
      "average": 4.74,
      "count": 10708,
      "rounded": 4
    },
    "parent": {
      "product": "2766665",
      "partNumber": null,
      "model": "10321673",
      "manufacturerModel": null
    },
    "images": {
      "thumbnail": "https://boots.scene7.com/is/image/Boots/10321673?wid=45&hei=60&op_sharpen=1"
    },
    "offers": [],
    "actions": {},
    "iconUri": "https://boots.scene7.com/is/image/Boots/10321673?op_sharpen=1",
    "title": "Miss Dior Eau de Parfum 50ml & New Limited-Edition Miss Dior “Millefiori” Bath Pearls",
    "referenceUri": "/miss-dior-eau-de-parfum-50ml-new-limited-edition-miss-dior-%E2%80%9Cmillefiori%E2%80%9D-bath-pearls-10321673",
    "canAddToBasket": "yes",
    "opticians": false,
    "inStock": true,
    "expressDelivery": false,
    "hasOtherPromotion": false,
    "channelPromotionalTextMap": {
      "-1": [],
      "-6": []
    },
    "adCardPoints": 462
  },
  {
    "_id": {
      "$oid": "65ec108d9884656b92f5576e"
    },
    "ppuQuantity": "30ML",
    "pricing": {
      "perUnit": "£187.00 per 100ML",
      "regular": {
        "value": 66,
        "currency": "GBP",
        "text": "£66.00"
      },
      "current": {
        "value": 56.1,
        "currency": "GBP",
        "text": "£56.10"
      },
      "saving": {
        "value": 9.9,
        "currency": "GBP",
        "text": "£9.90"
      }
    },
    "objectId": "2865111",
    "brand": "Jean Paul Gaultier",
    "attributes": {
      "fragrance_scent": "floral",
      "suitable_for": "vegan",
      "product_type": "body spray",
      "StockOverrideMessage": "STOCK_COMING_SOON",
      "size": "21-30",
      "gender": "womens",
      "format": "spray",
      "fragrance_type": "eau de parfum",
      "hasPriceAdvantageDeal": false,
      "ProductReviewFlag": "1"
    },
    "variants": {
      "colours": [],
      "hasColours": false,
      "hasSizes": false
    },
    "categories": [
      [
        {
          "name": "fragrance",
          "label": "fragrance"
        },
        {
          "name": "gift",
          "label": "gift"
        },
        {
          "name": "new in",
          "label": "new in"
        }
      ],
      [
        {
          "name": "perfume",
          "label": "fragrance > perfume"
        },
        {
          "name": "gifts for her",
          "label": "gift > gifts for her"
        },
        {
          "name": "luxury fragrance",
          "label": "fragrance > luxury fragrance"
        },
        {
          "name": "new in fragrance",
          "label": "fragrance > new in fragrance"
        },
        {
          "name": "brands",
          "label": "fragrance > brands"
        },
        {
          "name": "new in fragrance",
          "label": "new in > new in fragrance"
        }
      ],
      [
        {
          "name": "all perfumes",
          "label": "fragrance > perfume > all perfumes"
        },
        {
          "name": "floral perfume",
          "label": "fragrance > perfume > floral perfume"
        },
        {
          "name": "all perfumes",
          "label": "gift > gifts for her > all perfumes"
        }
      ]
    ],
    "reviews": {
      "average": 4.63,
      "count": 931,
      "rounded": 4
    },
    "parent": {
      "product": "2865110",
      "partNumber": "10332271.P",
      "model": "10332271",
      "manufacturerModel": "5747554"
    },
    "images": {
      "thumbnail": "https://boots.scene7.com/is/image/Boots/10332271?wid=45&hei=60&op_sharpen=1"
    },
    "offers": [
      {
        "text": "Save up to 20 percent on selected fragrances"
      }
    ],
    "actions": {},
    "iconUri": "https://boots.scene7.com/is/image/Boots/10332271?op_sharpen=1",
    "title": "Jean Paul Gaultier Gaultier Divine Eau de Parfum 30ml",
    "referenceUri": "/jean-paul-gaultier-divine-eau-de-parfum-30ml-10332271",
    "canAddToBasket": "yes",
    "opticians": false,
    "inStock": true,
    "expressDelivery": false,
    "hasOtherPromotion": true,
    "channelPromotionalTextMap": {
      "-1": [
        "Save up to 20 percent on selected fragrances"
      ],
      "-6": [
        "Save up to 20 percent on selected fragrances"
      ]
    },
    "adCardPoints": 168
  },
  {
    "_id": {
      "$oid": "65ec108d9884656b92f5576f"
    },
    "ppuQuantity": "60ML",
    "pricing": {
      "perUnit": "£134.58 per 100ML",
      "regular": {
        "value": 95,
        "currency": "GBP",
        "text": "£95.00"
      },
      "current": {
        "value": 80.75,
        "currency": "GBP",
        "text": "£80.75"
      },
      "saving": {
        "value": 14.25,
        "currency": "GBP",
        "text": "£14.25"
      }
    },
    "objectId": "2513015",
    "brand": "Mugler",
    "attributes": {
      "fragrance_scent": [
        "jasmine",
        "floral",
        "woody"
      ],
      "size": "51-70",
      "gender": "womens",
      "StockOverrideMessage": "STOCK_COMING_SOON",
      "fragrance_type": "eau de parfum",
      "recipient": "gifts for women",
      "hasPriceAdvantageDeal": false,
      "Reporting_Category": "fragrance",
      "gift_type": "fragrance gifts",
      "ProductReviewFlag": "1"
    },
    "variants": {
      "colours": [],
      "hasColours": false,
      "hasSizes": false
    },
    "categories": [
      [
        {
          "name": "gift",
          "label": "gift"
        },
        {
          "name": "fragrance",
          "label": "fragrance"
        },
        {
          "name": "wellness",
          "label": "wellness"
        }
      ],
      [
        {
          "name": "all gifts",
          "label": "gift > all gifts"
        },
        {
          "name": "perfume",
          "label": "fragrance > perfume"
        },
        {
          "name": "fragrance offers",
          "label": "fragrance > fragrance offers"
        },
        {
          "name": "recommended",
          "label": "fragrance > recommended"
        },
        {
          "name": "gifts for her",
          "label": "gift > gifts for her"
        },
        {
          "name": "sustainability at Boots",
          "label": "wellness > sustainability at Boots"
        },
        {
          "name": "5* rated perfumes & aftershaves",
          "label": "fragrance > 5* rated perfumes & aftershaves"
        },
        {
          "name": "Eid gifts",
          "label": "gift > Eid gifts"
        }
      ],
      [
        {
          "name": "all perfumes",
          "label": "fragrance > perfume > all perfumes"
        },
        {
          "name": "floral perfume",
          "label": "fragrance > perfume > floral perfume"
        },
        {
          "name": "perfume refill bottles",
          "label": "fragrance > perfume > perfume refill bottles"
        },
        {
          "name": "personalise your perfect gift",
          "label": "fragrance > fragrance offers > personalise your perfect gift"
        },
        {
          "name": "best floral perfumes",
          "label": "fragrance > recommended > best floral perfumes"
        },
        {
          "name": "all perfumes",
          "label": "gift > gifts for her > all perfumes"
        },
        {
          "name": "reuse ready",
          "label": "wellness > sustainability at Boots > reuse ready"
        }
      ]
    ],
    "reviews": {
      "average": 4.78,
      "count": 1736,
      "rounded": 4
    },
    "parent": {
      "product": "2513014",
      "partNumber": "10292979.P",
      "model": "10292979",
      "manufacturerModel": "3028542"
    },
    "images": {
      "thumbnail": "https://boots.scene7.com/is/image/Boots/10292979?wid=45&hei=60&op_sharpen=1"
    },
    "offers": [
      {
        "text": "Free gift when you buy selected Mugler - whilst stocks last"
      },
      {
        "text": "Save up to 20 percent on selected fragrances"
      }
    ],
    "actions": {},
    "iconUri": "https://boots.scene7.com/is/image/Boots/10292979?op_sharpen=1",
    "title": "MUGLER Alien Refillable Eau de Parfum 60ml",
    "referenceUri": "/mugler-alien-eau-de-parfum-refillable-spray-60ml-10292979",
    "canAddToBasket": "yes",
    "opticians": false,
    "inStock": true,
    "expressDelivery": false,
    "hasOtherPromotion": true,
    "channelPromotionalTextMap": {
      "-1": [
        "Free gift when you buy selected Mugler - whilst stocks last",
        "Save up to 20 percent on selected fragrances"
      ],
      "-6": [
        "Free gift when you buy selected Mugler - whilst stocks last",
        "Save up to 20 percent on selected fragrances"
      ]
    },
    "adCardPoints": 240
  },
  {
    "_id": {
      "$oid": "65ec108d9884656b92f55770"
    },
    "ppuQuantity": "50ML",
    "pricing": {
      "perUnit": "£80.00 per 100ML",
      "regular": {
        "value": 80,
        "currency": "GBP",
        "text": "£80.00"
      },
      "current": {
        "value": 40,
        "currency": "GBP",
        "text": "£40.00"
      },
      "saving": {
        "value": 40,
        "currency": "GBP",
        "text": "£40.00"
      }
    },
    "objectId": "2515588",
    "brand": "Issey Miyake",
    "attributes": {
      "fragrance_scent": [
        "floral",
        "musk"
      ],
      "product_type": "gift set",
      "gender": "womens",
      "StockOverrideMessage": "STOCK_COMING_SOON",
      "size": "41-50",
      "fragrance_type": "eau de parfum",
      "hasPriceAdvantageDeal": false,
      "Reporting_Category": "fragrance",
      "gift_type": "fragrance gift sets",
      "ProductReviewFlag": "1"
    },
    "variants": {
      "colours": [],
      "hasColours": false,
      "hasSizes": false
    },
    "categories": [
      [
        {
          "name": "fragrance",
          "label": "fragrance"
        },
        {
          "name": "gift",
          "label": "gift"
        }
      ],
      [
        {
          "name": "5* rated perfumes & aftershaves",
          "label": "fragrance > 5* rated perfumes & aftershaves"
        },
        {
          "name": "perfume",
          "label": "fragrance > perfume"
        },
        {
          "name": "fragrance offers",
          "label": "fragrance > fragrance offers"
        },
        {
          "name": "gifts for her",
          "label": "gift > gifts for her"
        }
      ],
      [
        {
          "name": "all perfumes",
          "label": "fragrance > perfume > all perfumes"
        },
        {
          "name": "musky perfume",
          "label": "fragrance > perfume > musky perfume"
        },
        {
          "name": "floral perfume",
          "label": "fragrance > perfume > floral perfume"
        },
        {
          "name": "save up to half price",
          "label": "fragrance > fragrance offers > save up to half price"
        },
        {
          "name": "all perfumes",
          "label": "gift > gifts for her > all perfumes"
        }
      ]
    ],
    "reviews": {
      "average": 4.64,
      "count": 2098,
      "rounded": 4
    },
    "parent": {
      "product": "2515587",
      "partNumber": "10293285.P",
      "model": "10293285",
      "manufacturerModel": "3119939"
    },
    "images": {
      "thumbnail": "https://boots.scene7.com/is/image/Boots/10293285?wid=45&hei=60&op_sharpen=1"
    },
    "offers": [
      {
        "text": "1/2 price on Issey Miyake A Drop dlssey Eau de Parfum 50ml - online only"
      }
    ],
    "actions": {},
    "iconUri": "https://boots.scene7.com/is/image/Boots/10293285?op_sharpen=1",
    "title": "Issey Miyake A Drop d’Issey Eau de Parfum 50ml",
    "referenceUri": "/issey-miyake-a-drop-d-issey-eau-de-parfum-50ml-10293285",
    "canAddToBasket": "yes",
    "opticians": false,
    "inStock": true,
    "expressDelivery": false,
    "hasOtherPromotion": true,
    "channelPromotionalTextMap": {
      "-1": [
        "1/2 price on Issey Miyake A Drop dlssey Eau de Parfum 50ml - online only"
      ],
      "-6": [
        "1/2 price on Issey Miyake A Drop dlssey Eau de Parfum 50ml - online only"
      ]
    },
    "adCardPoints": 120
  },
  {
    "_id": {
      "$oid": "65ec108d9884656b92f55771"
    },
    "ppuQuantity": null,
    "pricing": {
      "perUnit": "",
      "regular": {
        "value": 7.99,
        "currency": "GBP",
        "text": "£7.99"
      },
      "current": {
        "value": 6.39,
        "currency": "GBP",
        "text": "£6.39"
      },
      "saving": {
        "value": 1.6,
        "currency": "GBP",
        "text": "£1.60"
      }
    },
    "objectId": "1918863",
    "brand": "Travalo",
    "attributes": {
      "hasPriceAdvantageDeal": false,
      "StockOverrideMessage": "STOCK_COMING_SOON",
      "gender": "unisex",
      "key_features": "travel-size",
      "ProductReviewFlag": "1",
      "parentCategory_UK": "33071"
    },
    "variants": {
      "colours": [],
      "hasColours": false,
      "hasSizes": false
    },
    "categories": [
      [
        {
          "name": "men's",
          "label": "men's"
        },
        {
          "name": "toiletries",
          "label": "toiletries"
        },
        {
          "name": "beauty & skincare",
          "label": "beauty & skincare"
        },
        {
          "name": "fragrance",
          "label": "fragrance"
        },
        {
          "name": "gift",
          "label": "gift"
        },
        {
          "name": "sun & holiday",
          "label": "sun & holiday"
        }
      ],
      [
        {
          "name": "men's toiletries",
          "label": "men's > men's toiletries"
        },
        {
          "name": "men's toiletries",
          "label": "toiletries > men's toiletries"
        },
        {
          "name": "makeup",
          "label": "beauty & skincare > makeup"
        },
        {
          "name": "accessories",
          "label": "beauty & skincare > accessories"
        },
        {
          "name": "perfume",
          "label": "fragrance > perfume"
        },
        {
          "name": "aftershave",
          "label": "fragrance > aftershave"
        },
        {
          "name": "bathroom essentials",
          "label": "toiletries > bathroom essentials"
        },
        {
          "name": "gifts for him",
          "label": "gift > gifts for him"
        },
        {
          "name": "gifts for her",
          "label": "gift > gifts for her"
        },
        {
          "name": "aftershave",
          "label": "men's > aftershave"
        },
        {
          "name": "beauty minis",
          "label": "beauty & skincare > beauty minis"
        },
        {
          "name": "toiletries",
          "label": "sun & holiday > toiletries"
        }
      ],
      [
        {
          "name": "aftershave",
          "label": "toiletries > men's toiletries > aftershave"
        },
        {
          "name": "aftershave",
          "label": "men's > men's toiletries > aftershave"
        },
        {
          "name": "wash bags & organisers",
          "label": "beauty & skincare > makeup > wash bags & organisers"
        },
        {
          "name": "wash bags & organisers",
          "label": "beauty & skincare > accessories > wash bags & organisers"
        },
        {
          "name": "shop all accessories",
          "label": "beauty & skincare > accessories > shop all accessories"
        },
        {
          "name": "all perfumes",
          "label": "fragrance > perfume > all perfumes"
        },
        {
          "name": "perfume refill bottles",
          "label": "fragrance > perfume > perfume refill bottles"
        },
        {
          "name": "all aftershave",
          "label": "fragrance > aftershave > all aftershave"
        },
        {
          "name": "wash bags & organisers",
          "label": "toiletries > bathroom essentials > wash bags & organisers"
        },
        {
          "name": "all aftershave",
          "label": "gift > gifts for him > all aftershave"
        },
        {
          "name": "all perfumes",
          "label": "gift > gifts for her > all perfumes"
        },
        {
          "name": "all aftershave",
          "label": "men's > aftershave > all aftershave"
        }
      ],
      [
        {
          "name": "all aftershave",
          "label": "toiletries > men's toiletries > aftershave > all aftershave"
        },
        {
          "name": "all aftershave",
          "label": "men's > men's toiletries > aftershave > all aftershave"
        }
      ]
    ],
    "reviews": {
      "average": 4.16,
      "count": 64,
      "rounded": 4
    },
    "parent": {
      "product": "1918862",
      "partNumber": "10223031.P",
      "model": "10223031",
      "manufacturerModel": "6793738"
    },
    "images": {
      "thumbnail": "https://boots.scene7.com/is/image/Boots/10223031?wid=45&hei=60&op_sharpen=1"
    },
    "offers": [
      {
        "text": "Save up to 20 percent on selected fragrances"
      }
    ],
    "actions": {},
    "iconUri": "https://boots.scene7.com/is/image/Boots/10223031?op_sharpen=1",
    "title": "Travalo Perfume Pod Refillable Atomiser 5ml - Hot Pink",
    "referenceUri": "/travalo-perfume-pod-refillable-atomiser-5ml---hot-pink-10223031",
    "canAddToBasket": "yes",
    "opticians": false,
    "inStock": true,
    "expressDelivery": false,
    "hasOtherPromotion": true,
    "channelPromotionalTextMap": {
      "-1": [
        "Save up to 20 percent on selected fragrances"
      ],
      "-6": [
        "Save up to 20 percent on selected fragrances"
      ]
    },
    "adCardPoints": 18
  },
  {
    "_id": {
      "$oid": "65ec108d9884656b92f55772"
    },
    "ppuQuantity": "100ML",
    "pricing": {
      "perUnit": "£97.75 per 100ML",
      "regular": {
        "value": 115,
        "currency": "GBP",
        "text": "£115.00"
      },
      "current": {
        "value": 97.75,
        "currency": "GBP",
        "text": "£97.75"
      },
      "saving": {
        "value": 17.25,
        "currency": "GBP",
        "text": "£17.25"
      }
    },
    "objectId": "2717119",
    "brand": "Prada",
    "attributes": {
      "fragrance_scent": "floral",
      "StockOverrideMessage": "STOCK_COMING_SOON",
      "size": "71-100",
      "gender": "womens",
      "fragrance_type": "eau de parfum",
      "hasPriceAdvantageDeal": false,
      "ProductReviewFlag": "1"
    },
    "variants": {
      "colours": [],
      "hasColours": false,
      "hasSizes": false
    },
    "categories": [
      [
        {
          "name": "fragrance",
          "label": "fragrance"
        },
        {
          "name": "gift",
          "label": "gift"
        }
      ],
      [
        {
          "name": "5* rated perfumes & aftershaves",
          "label": "fragrance > 5* rated perfumes & aftershaves"
        },
        {
          "name": "perfume",
          "label": "fragrance > perfume"
        },
        {
          "name": "gifts for her",
          "label": "gift > gifts for her"
        },
        {
          "name": "luxury fragrance",
          "label": "fragrance > luxury fragrance"
        },
        {
          "name": "brands",
          "label": "fragrance > brands"
        }
      ],
      [
        {
          "name": "all perfumes",
          "label": "fragrance > perfume > all perfumes"
        },
        {
          "name": "floral perfume",
          "label": "fragrance > perfume > floral perfume"
        },
        {
          "name": "perfume refill bottles",
          "label": "fragrance > perfume > perfume refill bottles"
        },
        {
          "name": "all perfumes",
          "label": "gift > gifts for her > all perfumes"
        }
      ]
    ],
    "reviews": {
      "average": 4.77,
      "count": 6497,
      "rounded": 4
    },
    "parent": {
      "product": "2717118",
      "partNumber": "10317219.P",
      "model": "10317219",
      "manufacturerModel": "4139690"
    },
    "images": {
      "thumbnail": "https://boots.scene7.com/is/image/Boots/10317219?wid=45&hei=60&op_sharpen=1"
    },
    "offers": [
      {
        "text": "Free gift when you buy selected Prada - whilst stocks last"
      },
      {
        "text": "Save up to 20 percent on selected fragrances"
      }
    ],
    "actions": {},
    "iconUri": "https://boots.scene7.com/is/image/Boots/10317219?op_sharpen=1",
    "title": "Prada Paradoxe Eau de Parfum 100ml Refill",
    "referenceUri": "/prada-paradoxe-eau-de-parfum-100ml-refill-10317219",
    "canAddToBasket": "yes",
    "opticians": false,
    "inStock": true,
    "expressDelivery": false,
    "hasOtherPromotion": true,
    "channelPromotionalTextMap": {
      "-1": [
        "Free gift when you buy selected Prada - whilst stocks last",
        "Save up to 20 percent on selected fragrances"
      ],
      "-6": [
        "Free gift when you buy selected Prada - whilst stocks last",
        "Save up to 20 percent on selected fragrances"
      ]
    },
    "adCardPoints": 291
  },
  {
    "_id": {
      "$oid": "65ec108d9884656b92f55773"
    },
    "ppuQuantity": "100ML",
    "pricing": {
      "perUnit": "£110.50 per 100ML",
      "regular": {
        "value": 130,
        "currency": "GBP",
        "text": "£130.00"
      },
      "current": {
        "value": 110.5,
        "currency": "GBP",
        "text": "£110.50"
      },
      "saving": {
        "value": 19.5,
        "currency": "GBP",
        "text": "£19.50"
      }
    },
    "objectId": "1374471",
    "brand": "Giorgio Armani",
    "attributes": {
      "fragrance_scent": [
        "floral",
        "woody",
        "citrus",
        "chypre",
        "vanilla",
        "amber",
        "jasmine"
      ],
      "gender": "womens",
      "StockOverrideMessage": "STOCK_COMING_SOON",
      "size": "71-100",
      "Size": "100ml",
      "parentCategory_UK": "33071",
      "fragrance_type": "eau de parfum",
      "recipient": "gifts for women",
      "hasPriceAdvantageDeal": false,
      "Reporting_Category": "fragrance",
      "gift_type": "fragrance gifts",
      "ProductReviewFlag": "1"
    },
    "variants": {
      "colours": [],
      "hasColours": false,
      "hasSizes": false
    },
    "categories": [
      [
        {
          "name": "gift",
          "label": "gift"
        },
        {
          "name": "fragrance",
          "label": "fragrance"
        }
      ],
      [
        {
          "name": "gifts for her",
          "label": "gift > gifts for her"
        },
        {
          "name": "perfume",
          "label": "fragrance > perfume"
        },
        {
          "name": "fragrance offers",
          "label": "fragrance > fragrance offers"
        },
        {
          "name": "recommended",
          "label": "fragrance > recommended"
        },
        {
          "name": "gift by occasion",
          "label": "gift > gift by occasion"
        },
        {
          "name": "5* rated perfumes & aftershaves",
          "label": "fragrance > 5* rated perfumes & aftershaves"
        }
      ],
      [
        {
          "name": "all perfumes",
          "label": "fragrance > perfume > all perfumes"
        },
        {
          "name": "vanilla perfume",
          "label": "fragrance > perfume > vanilla perfume"
        },
        {
          "name": "floral perfume",
          "label": "fragrance > perfume > floral perfume"
        },
        {
          "name": "amber perfume",
          "label": "fragrance > perfume > amber perfume"
        },
        {
          "name": "personalise your perfect gift",
          "label": "fragrance > fragrance offers > personalise your perfect gift"
        },
        {
          "name": "Save 15% on 100s of fragrances",
          "label": "fragrance > fragrance offers > Save 15% on 100s of fragrances"
        },
        {
          "name": "best floral perfumes",
          "label": "fragrance > recommended > best floral perfumes"
        },
        {
          "name": "all perfumes",
          "label": "gift > gifts for her > all perfumes"
        },
        {
          "name": "wedding gifts",
          "label": "gift > gift by occasion > wedding gifts"
        }
      ]
    ],
    "reviews": {
      "average": 4.69,
      "count": 498,
      "rounded": 4
    },
    "parent": {
      "product": "1374470",
      "partNumber": "10162579.P",
      "model": "10162579",
      "manufacturerModel": "1537180"
    },
    "images": {
      "thumbnail": "https://boots.scene7.com/is/image/Boots/10162579?wid=45&hei=60&op_sharpen=1"
    },
    "offers": [
      {
        "text": "Free Giorgio Armani Black Premium Pouch when you buy Giorgio Armani Si 100ml or above - whilst stocks last"
      },
      {
        "text": "Free Giorgio Armani Valentines Day Lip Power Mini 104 when you buy Giorgio Armani Si 100ml or above - whilst stocks last"
      },
      {
        "text": "Free Giorgio Armani Si Eau de Parfum 15ml when you buy Giorgio Armani Si 50ml or above - whilst stocks last"
      },
      {
        "text": "Save up to 20 percent on selected fragrances"
      }
    ],
    "actions": {},
    "iconUri": "https://boots.scene7.com/is/image/Boots/10162579?op_sharpen=1",
    "title": "Giorgio Armani Sì Eau de Parfum 100ml",
    "referenceUri": "/giorgio-armani-si-eau-de-parfum-100ml-10162579",
    "canAddToBasket": "yes",
    "opticians": false,
    "inStock": true,
    "expressDelivery": false,
    "hasOtherPromotion": true,
    "channelPromotionalTextMap": {
      "-1": [
        "Free Giorgio Armani Black Premium Pouch when you buy Giorgio Armani Si 100ml or above - whilst stocks last",
        "Free Giorgio Armani Valentines Day Lip Power Mini 104 when you buy Giorgio Armani Si 100ml or above - whilst stocks last",
        "Free Giorgio Armani Si Eau de Parfum 15ml when you buy Giorgio Armani Si 50ml or above - whilst stocks last",
        "Save up to 20 percent on selected fragrances"
      ],
      "-6": [
        "Free Giorgio Armani Black Premium Pouch when you buy Giorgio Armani Si 100ml or above - whilst stocks last",
        "Free Giorgio Armani Valentines Day Lip Power Mini 104 when you buy Giorgio Armani Si 100ml or above - whilst stocks last",
        "Free Giorgio Armani Si Eau de Parfum 15ml when you buy Giorgio Armani Si 50ml or above - whilst stocks last",
        "Save up to 20 percent on selected fragrances"
      ]
    },
    "adCardPoints": 330
  },
  {
    "_id": {
      "$oid": "65ec108d9884656b92f55774"
    },
    "ppuQuantity": "100ML",
    "pricing": {
      "perUnit": "£19.50 per 100ML",
      "regular": {
        "value": 39,
        "currency": "GBP",
        "text": "£39.00"
      },
      "current": {
        "value": 19.5,
        "currency": "GBP",
        "text": "£19.50"
      },
      "saving": {
        "value": 19.5,
        "currency": "GBP",
        "text": "£19.50"
      }
    },
    "objectId": "2871621",
    "brand": "Britney Spears",
    "attributes": {
      "fragrance_scent": [
        "floral",
        "fruity",
        "musk"
      ],
      "product_type": "body spray",
      "size": "71-100",
      "gender": "womens",
      "StockOverrideMessage": "STOCK_COMING_SOON",
      "fragrance_type": "eau de toilette",
      "format": "spray",
      "hasPriceAdvantageDeal": false,
      "ProductReviewFlag": "1"
    },
    "variants": {
      "colours": [],
      "hasColours": false,
      "hasSizes": false
    },
    "categories": [
      [
        {
          "name": "fragrance",
          "label": "fragrance"
        },
        {
          "name": "gift",
          "label": "gift"
        },
        {
          "name": "new in",
          "label": "new in"
        }
      ],
      [
        {
          "name": "perfume",
          "label": "fragrance > perfume"
        },
        {
          "name": "fragrance offers",
          "label": "fragrance > fragrance offers"
        },
        {
          "name": "gifts for her",
          "label": "gift > gifts for her"
        },
        {
          "name": "celebrity fragrance",
          "label": "fragrance > celebrity fragrance"
        },
        {
          "name": "new in fragrance",
          "label": "fragrance > new in fragrance"
        },
        {
          "name": "brands",
          "label": "fragrance > brands"
        },
        {
          "name": "new in fragrance",
          "label": "new in > new in fragrance"
        }
      ],
      [
        {
          "name": "all perfumes",
          "label": "fragrance > perfume > all perfumes"
        },
        {
          "name": "musky perfume",
          "label": "fragrance > perfume > musky perfume"
        },
        {
          "name": "floral perfume",
          "label": "fragrance > perfume > floral perfume"
        },
        {
          "name": "save up to half price",
          "label": "fragrance > fragrance offers > save up to half price"
        },
        {
          "name": "all perfumes",
          "label": "gift > gifts for her > all perfumes"
        }
      ]
    ],
    "reviews": {
      "average": 5,
      "count": 5,
      "rounded": 5
    },
    "parent": {
      "product": "2871620",
      "partNumber": "10333301.P",
      "model": "10333301",
      "manufacturerModel": "5767148"
    },
    "images": {
      "thumbnail": "https://boots.scene7.com/is/image/Boots/10333301?wid=45&hei=60&op_sharpen=1"
    },
    "offers": [
      {
        "text": "Save up to 1/2 price on selected fragrances"
      }
    ],
    "actions": {},
    "iconUri": "https://boots.scene7.com/is/image/Boots/10333301?op_sharpen=1",
    "title": "Britney Spears Jungle Fantasy Eau de Toilette 100ml",
    "referenceUri": "/britney-spears-jungle-fantasy-eau-de-toilette-100ml-10333301",
    "canAddToBasket": "yes",
    "opticians": false,
    "inStock": true,
    "expressDelivery": false,
    "hasOtherPromotion": true,
    "channelPromotionalTextMap": {
      "-1": [
        "Save up to 1/2 price on selected fragrances"
      ],
      "-6": [
        "Save up to 1/2 price on selected fragrances"
      ]
    },
    "adCardPoints": 57
  },
  {
    "_id": {
      "$oid": "65ec108d9884656b92f55775"
    },
    "ppuQuantity": "50ML",
    "pricing": {
      "perUnit": "£178.50 per 100ML",
      "regular": {
        "value": 105,
        "currency": "GBP",
        "text": "£105.00"
      },
      "current": {
        "value": 89.25,
        "currency": "GBP",
        "text": "£89.25"
      },
      "saving": {
        "value": 15.75,
        "currency": "GBP",
        "text": "£15.75"
      }
    },
    "objectId": "2859595",
    "brand": "Prada",
    "attributes": {
      "fragrance_scent": [
        "floral",
        "vanilla",
        "amber",
        "jasmine"
      ],
      "size": "41-50",
      "gender": "womens",
      "StockOverrideMessage": "STOCK_COMING_SOON",
      "format": "spray",
      "fragrance_type": "eau de parfum",
      "hasPriceAdvantageDeal": false,
      "ProductReviewFlag": "1"
    },
    "variants": {
      "colours": [],
      "hasColours": false,
      "hasSizes": false
    },
    "categories": [
      [
        {
          "name": "new in",
          "label": "new in"
        },
        {
          "name": "fragrance",
          "label": "fragrance"
        },
        {
          "name": "gift",
          "label": "gift"
        }
      ],
      [
        {
          "name": "perfume",
          "label": "fragrance > perfume"
        },
        {
          "name": "gifts for her",
          "label": "gift > gifts for her"
        },
        {
          "name": "luxury fragrance",
          "label": "fragrance > luxury fragrance"
        },
        {
          "name": "new in fragrance",
          "label": "fragrance > new in fragrance"
        },
        {
          "name": "new in fragrance",
          "label": "new in > new in fragrance"
        }
      ],
      [
        {
          "name": "all perfumes",
          "label": "fragrance > perfume > all perfumes"
        },
        {
          "name": "vanilla perfume",
          "label": "fragrance > perfume > vanilla perfume"
        },
        {
          "name": "floral perfume",
          "label": "fragrance > perfume > floral perfume"
        },
        {
          "name": "amber perfume",
          "label": "fragrance > perfume > amber perfume"
        },
        {
          "name": "all perfumes",
          "label": "gift > gifts for her > all perfumes"
        }
      ]
    ],
    "reviews": {
      "average": 4.75,
      "count": 3385,
      "rounded": 4
    },
    "parent": {
      "product": "2859594",
      "partNumber": "10331514.P",
      "model": "10331514",
      "manufacturerModel": "5733014"
    },
    "images": {
      "thumbnail": "https://boots.scene7.com/is/image/Boots/10331514?wid=45&hei=60&op_sharpen=1"
    },
    "offers": [
      {
        "text": "Free gift when you buy selected Prada - whilst stocks last"
      },
      {
        "text": "Save up to 20 percent on selected fragrances"
      }
    ],
    "actions": {},
    "iconUri": "https://boots.scene7.com/is/image/Boots/10331514?op_sharpen=1",
    "title": "Prada Paradoxe Intense Eau de Parfum 50ml",
    "referenceUri": "/Prada-Paradoxe-Intense-Eau-de-Parfum-50ml-10331514",
    "canAddToBasket": "yes",
    "opticians": false,
    "inStock": true,
    "expressDelivery": false,
    "hasOtherPromotion": true,
    "channelPromotionalTextMap": {
      "-1": [
        "Free gift when you buy selected Prada - whilst stocks last",
        "Save up to 20 percent on selected fragrances"
      ],
      "-6": [
        "Free gift when you buy selected Prada - whilst stocks last",
        "Save up to 20 percent on selected fragrances"
      ]
    },
    "adCardPoints": 267
  },
  {
    "_id": {
      "$oid": "65ec108d9884656b92f55776"
    },
    "ppuQuantity": "50ML",
    "pricing": {
      "perUnit": "£135.14 per 100ML",
      "regular": {
        "value": 79.5,
        "currency": "GBP",
        "text": "£79.50"
      },
      "current": {
        "value": 67.57,
        "currency": "GBP",
        "text": "£67.57"
      },
      "saving": {
        "value": 11.93,
        "currency": "GBP",
        "text": "£11.93"
      }
    },
    "objectId": "2041963",
    "brand": "Jean Paul Gaultier",
    "attributes": {
      "fragrance_scent": [
        "floral",
        "aromatic"
      ],
      "StockOverrideMessage": "STOCK_COMING_SOON",
      "size": "41-50",
      "gender": "womens",
      "parentCategory_UK": "33071",
      "fragrance_type": "eau de parfum",
      "recipient": "gifts for women",
      "hasPriceAdvantageDeal": false,
      "Reporting_Category": "fragrance",
      "gift_type": "fragrance gifts",
      "ProductReviewFlag": "1"
    },
    "variants": {
      "colours": [],
      "hasColours": false,
      "hasSizes": false
    },
    "categories": [
      [
        {
          "name": "fragrance",
          "label": "fragrance"
        },
        {
          "name": "gift",
          "label": "gift"
        }
      ],
      [
        {
          "name": "5* rated perfumes & aftershaves",
          "label": "fragrance > 5* rated perfumes & aftershaves"
        },
        {
          "name": "perfume",
          "label": "fragrance > perfume"
        },
        {
          "name": "fragrance offers",
          "label": "fragrance > fragrance offers"
        },
        {
          "name": "gifts for her",
          "label": "gift > gifts for her"
        }
      ],
      [
        {
          "name": "all perfumes",
          "label": "fragrance > perfume > all perfumes"
        },
        {
          "name": "floral perfume",
          "label": "fragrance > perfume > floral perfume"
        },
        {
          "name": "Collect £10 worth of points when you spend £60",
          "label": "fragrance > fragrance offers > Collect £10 worth of points when you spend £60"
        },
        {
          "name": "all perfumes",
          "label": "gift > gifts for her > all perfumes"
        }
      ]
    ],
    "reviews": {
      "average": 4.73,
      "count": 362,
      "rounded": 4
    },
    "parent": {
      "product": "2041962",
      "partNumber": "10237439.P",
      "model": "10237439",
      "manufacturerModel": "7925387"
    },
    "images": {
      "thumbnail": "https://boots.scene7.com/is/image/Boots/10237439?wid=45&hei=60&op_sharpen=1"
    },
    "offers": [
      {
        "text": "Save up to 20 percent on selected fragrances"
      }
    ],
    "actions": {},
    "iconUri": "https://boots.scene7.com/is/image/Boots/10237439?op_sharpen=1",
    "title": "Jean Paul Gaultier Scandal Eau de Parfum 50ml",
    "referenceUri": "/jean-paul-gaultier-scandal-eau-de-parfum-50ml-10237439",
    "canAddToBasket": "yes",
    "opticians": false,
    "inStock": true,
    "expressDelivery": false,
    "hasOtherPromotion": true,
    "channelPromotionalTextMap": {
      "-1": [
        "Save up to 20 percent on selected fragrances"
      ],
      "-6": [
        "Save up to 20 percent on selected fragrances"
      ]
    },
    "adCardPoints": 201
  },
  {
    "_id": {
      "$oid": "65ec108d9884656b92f55777"
    },
    "ppuQuantity": "30ML",
    "pricing": {
      "perUnit": "£46.67 per 100ML",
      "regular": {
        "value": 28,
        "currency": "GBP",
        "text": "£28.00"
      },
      "current": {
        "value": 14,
        "currency": "GBP",
        "text": "£14.00"
      },
      "saving": {
        "value": 14,
        "currency": "GBP",
        "text": "£14.00"
      }
    },
    "objectId": "23197",
    "brand": "Britney Spears",
    "attributes": {
      "fragrance_scent": [
        "sweet",
        "fruity",
        "musk",
        "jasmine",
        "amber"
      ],
      "StockOverrideMessage": "SOLD_OUT",
      "size": "21-30",
      "gender": "womens",
      "Size": [
        "30 ml",
        "30ml"
      ],
      "parentCategory_UK": "33071",
      "fragrance_type": "eau de parfum",
      "hasPriceAdvantageDeal": false,
      "Reporting_Category": "fragrance",
      "ProductReviewFlag": "1"
    },
    "variants": {
      "colours": [],
      "hasColours": false,
      "hasSizes": false
    },
    "categories": [
      [
        {
          "name": "fragrance",
          "label": "fragrance"
        },
        {
          "name": "gift",
          "label": "gift"
        }
      ],
      [
        {
          "name": "5* rated perfumes & aftershaves",
          "label": "fragrance > 5* rated perfumes & aftershaves"
        },
        {
          "name": "perfume",
          "label": "fragrance > perfume"
        },
        {
          "name": "fragrance offers",
          "label": "fragrance > fragrance offers"
        },
        {
          "name": "gifts for her",
          "label": "gift > gifts for her"
        },
        {
          "name": "celebrity fragrance",
          "label": "fragrance > celebrity fragrance"
        }
      ],
      [
        {
          "name": "all perfumes",
          "label": "fragrance > perfume > all perfumes"
        },
        {
          "name": "musky perfume",
          "label": "fragrance > perfume > musky perfume"
        },
        {
          "name": "amber perfume",
          "label": "fragrance > perfume > amber perfume"
        },
        {
          "name": "save up to half price",
          "label": "fragrance > fragrance offers > save up to half price"
        },
        {
          "name": "save up to 60 percent",
          "label": "fragrance > fragrance offers > save up to 60 percent"
        },
        {
          "name": "save up to 20% on fragrance",
          "label": "fragrance > fragrance offers > save up to 20% on fragrance"
        },
        {
          "name": "all perfumes",
          "label": "gift > gifts for her > all perfumes"
        }
      ]
    ],
    "reviews": {
      "average": 4.71,
      "count": 197,
      "rounded": 4
    },
    "parent": {
      "product": "23196",
      "partNumber": "10051152.P",
      "model": "10051152",
      "manufacturerModel": "2132427"
    },
    "images": {
      "thumbnail": "https://boots.scene7.com/is/image/Boots/10051152?wid=45&hei=60&op_sharpen=1"
    },
    "offers": [
      {
        "text": "Save up to 1/2 price on selected fragrances"
      }
    ],
    "actions": {},
    "iconUri": "https://boots.scene7.com/is/image/Boots/10051152?op_sharpen=1",
    "title": "Britney Spears Fantasy Eau de Parfum 30ml",
    "referenceUri": "/britney-spears-fantasy-eau-de-parfum-30ml-10051152",
    "canAddToBasket": "yes",
    "opticians": false,
    "inStock": true,
    "expressDelivery": false,
    "hasOtherPromotion": true,
    "channelPromotionalTextMap": {
      "-1": [
        "Save up to 1/2 price on selected fragrances"
      ],
      "-6": [
        "Save up to 1/2 price on selected fragrances"
      ]
    },
    "adCardPoints": 42
  },
  {
    "_id": {
      "$oid": "65ec108d9884656b92f55778"
    },
    "ppuQuantity": "50ML",
    "pricing": {
      "perUnit": "£172.00 per 100ML",
      "regular": {
        "value": 86,
        "currency": "GBP",
        "text": "£86.00"
      },
      "current": {
        "value": 86,
        "currency": "GBP",
        "text": "£86.00"
      }
    },
    "objectId": "2096057",
    "brand": "Carolina Herrera",
    "attributes": {
      "fragrance_scent": [
        "woody",
        "floral"
      ],
      "StockOverrideMessage": "STOCK_COMING_SOON",
      "size": "41-50",
      "gender": "womens",
      "fragrance_type": "eau de parfum",
      "recipient": "gifts for women",
      "hasPriceAdvantageDeal": false,
      "Reporting_Category": "fragrance",
      "gift_type": "fragrance gifts",
      "ProductReviewFlag": "1"
    },
    "variants": {
      "colours": [],
      "hasColours": false,
      "hasSizes": false
    },
    "categories": [
      [
        {
          "name": "fragrance",
          "label": "fragrance"
        },
        {
          "name": "gift",
          "label": "gift"
        }
      ],
      [
        {
          "name": "5* rated perfumes & aftershaves",
          "label": "fragrance > 5* rated perfumes & aftershaves"
        },
        {
          "name": "perfume",
          "label": "fragrance > perfume"
        },
        {
          "name": "fragrance offers",
          "label": "fragrance > fragrance offers"
        },
        {
          "name": "gifts for her",
          "label": "gift > gifts for her"
        }
      ],
      [
        {
          "name": "all perfumes",
          "label": "fragrance > perfume > all perfumes"
        },
        {
          "name": "floral perfume",
          "label": "fragrance > perfume > floral perfume"
        },
        {
          "name": "Triple points on top scents",
          "label": "fragrance > fragrance offers > Triple points on top scents"
        },
        {
          "name": "Collect £10 worth of points when you spend £60",
          "label": "fragrance > fragrance offers > Collect £10 worth of points when you spend £60"
        },
        {
          "name": "all perfumes",
          "label": "gift > gifts for her > all perfumes"
        }
      ]
    ],
    "reviews": {
      "average": 4.63,
      "count": 820,
      "rounded": 4
    },
    "parent": {
      "product": "2096056",
      "partNumber": "10243598.P",
      "model": "10243598",
      "manufacturerModel": "7983476"
    },
    "images": {
      "thumbnail": "https://boots.scene7.com/is/image/Boots/10243598?wid=45&hei=60&op_sharpen=1"
    },
    "offers": [
      {
        "text": "Free gift when you buy selected Carolina Herrera - whilst stocks last"
      }
    ],
    "actions": {},
    "iconUri": "https://boots.scene7.com/is/image/Boots/10243598?op_sharpen=1",
    "title": "Carolina Herrera Good Girl Eau de Parfum 50ml",
    "referenceUri": "/Carolina-Herrera-Good-Girl-Eau-de-Parfum-50ml-10243598",
    "canAddToBasket": "yes",
    "opticians": false,
    "inStock": true,
    "expressDelivery": false,
    "hasOtherPromotion": true,
    "channelPromotionalTextMap": {
      "-1": [
        "Free gift when you buy selected Carolina Herrera - whilst stocks last"
      ],
      "-6": [
        "Free gift when you buy selected Carolina Herrera - whilst stocks last"
      ]
    },
    "adCardPoints": 258
  },
  {
    "_id": {
      "$oid": "65ec108d9884656b92f55779"
    },
    "ppuQuantity": "50ML",
    "pricing": {
      "perUnit": "£181.90 per 100ML",
      "regular": {
        "value": 107,
        "currency": "GBP",
        "text": "£107.00"
      },
      "current": {
        "value": 90.95,
        "currency": "GBP",
        "text": "£90.95"
      },
      "saving": {
        "value": 16.05,
        "currency": "GBP",
        "text": "£16.05"
      }
    },
    "objectId": "2933143",
    "brand": "Christian Dior",
    "attributes": {
      "fragrance_scent": "jasmine",
      "product_type": "body spray",
      "gender": "womens",
      "size": "41-50",
      "StockOverrideMessage": "STOCK_COMING_SOON",
      "format": "spray",
      "fragrance_type": "parfum",
      "hasPriceAdvantageDeal": false,
      "ProductReviewFlag": "1"
    },
    "variants": {
      "colours": [],
      "hasColours": false,
      "hasSizes": false
    },
    "categories": [
      [
        {
          "name": "new in",
          "label": "new in"
        },
        {
          "name": "fragrance",
          "label": "fragrance"
        },
        {
          "name": "gift",
          "label": "gift"
        }
      ],
      [
        {
          "name": "new in fragrance",
          "label": "new in > new in fragrance"
        },
        {
          "name": "perfume",
          "label": "fragrance > perfume"
        },
        {
          "name": "recommended",
          "label": "fragrance > recommended"
        },
        {
          "name": "gifts for her",
          "label": "gift > gifts for her"
        },
        {
          "name": "new in fragrance",
          "label": "fragrance > new in fragrance"
        },
        {
          "name": "5* rated perfumes & aftershaves",
          "label": "fragrance > 5* rated perfumes & aftershaves"
        }
      ],
      [
        {
          "name": "all perfumes",
          "label": "fragrance > perfume > all perfumes"
        },
        {
          "name": "floral perfume",
          "label": "fragrance > perfume > floral perfume"
        },
        {
          "name": "trending fragrance",
          "label": "fragrance > recommended > trending fragrance"
        },
        {
          "name": "best summer fragrances",
          "label": "fragrance > recommended > best summer fragrances"
        },
        {
          "name": "best floral perfumes",
          "label": "fragrance > recommended > best floral perfumes"
        },
        {
          "name": "all perfumes",
          "label": "gift > gifts for her > all perfumes"
        }
      ]
    ],
    "reviews": {
      "average": 4.58,
      "count": 33,
      "rounded": 4
    },
    "parent": {
      "product": "2933142",
      "partNumber": "10340245.P",
      "model": "10340245",
      "manufacturerModel": "2292815"
    },
    "images": {
      "thumbnail": "https://boots.scene7.com/is/image/Boots/10340245?wid=45&hei=60&op_sharpen=1"
    },
    "offers": [
      {
        "text": "Save up to 20 percent on selected fragrances"
      }
    ],
    "actions": {},
    "iconUri": "https://boots.scene7.com/is/image/Boots/10340245?op_sharpen=1",
    "title": "DIOR Miss Dior Parfum 50ml",
    "referenceUri": "/miss-dior-parfum-50ml-10340245",
    "canAddToBasket": "yes",
    "opticians": false,
    "inStock": true,
    "expressDelivery": false,
    "hasOtherPromotion": true,
    "channelPromotionalTextMap": {
      "-1": [
        "Save up to 20 percent on selected fragrances"
      ],
      "-6": [
        "Save up to 20 percent on selected fragrances"
      ]
    },
    "adCardPoints": 270
  },
  {
    "_id": {
      "$oid": "65ec108d9884656b92f5577a"
    },
    "ppuQuantity": "50ML",
    "pricing": {
      "perUnit": "£97.00 per 100ML",
      "regular": {
        "value": 78,
        "currency": "GBP",
        "text": "£78.00"
      },
      "current": {
        "value": 48.5,
        "currency": "GBP",
        "text": "£48.50"
      },
      "saving": {
        "value": 29.5,
        "currency": "GBP",
        "text": "£29.50"
      }
    },
    "objectId": "3145",
    "brand": "Ralph Lauren",
    "attributes": {
      "fragrance_scent": [
        "musk",
        "jasmine",
        "woody",
        "floral"
      ],
      "gender": "womens",
      "StockOverrideMessage": "STOCK_COMING_SOON",
      "size": "41-50",
      "parentCategory_UK": "33071",
      "fragrance_type": "eau de parfum",
      "hasPriceAdvantageDeal": false,
      "Reporting_Category": "fragrance",
      "ProductReviewFlag": "1"
    },
    "variants": {
      "colours": [],
      "hasColours": false,
      "hasSizes": false
    },
    "categories": [
      [
        {
          "name": "fragrance",
          "label": "fragrance"
        },
        {
          "name": "gift",
          "label": "gift"
        }
      ],
      [
        {
          "name": "perfume",
          "label": "fragrance > perfume"
        },
        {
          "name": "fragrance offers",
          "label": "fragrance > fragrance offers"
        },
        {
          "name": "gifts for her",
          "label": "gift > gifts for her"
        }
      ],
      [
        {
          "name": "all perfumes",
          "label": "fragrance > perfume > all perfumes"
        },
        {
          "name": "musky perfume",
          "label": "fragrance > perfume > musky perfume"
        },
        {
          "name": "floral perfume",
          "label": "fragrance > perfume > floral perfume"
        },
        {
          "name": "save up to half price",
          "label": "fragrance > fragrance offers > save up to half price"
        },
        {
          "name": "save up to 60 percent",
          "label": "fragrance > fragrance offers > save up to 60 percent"
        },
        {
          "name": "save up to 20% on fragrance",
          "label": "fragrance > fragrance offers > save up to 20% on fragrance"
        },
        {
          "name": "all perfumes",
          "label": "gift > gifts for her > all perfumes"
        }
      ]
    ],
    "reviews": {
      "average": 4.73,
      "count": 115,
      "rounded": 4
    },
    "parent": {
      "product": "3144",
      "partNumber": "10011792.P",
      "model": "10011792",
      "manufacturerModel": "3755401"
    },
    "images": {
      "thumbnail": "https://boots.scene7.com/is/image/Boots/10011792?wid=45&hei=60&op_sharpen=1"
    },
    "offers": [
      {
        "text": "Save up to 1/2 price on selected fragrances"
      }
    ],
    "actions": {},
    "iconUri": "https://boots.scene7.com/is/image/Boots/10011792?op_sharpen=1",
    "title": "Ralph Lauren Romance Eau de Parfum Spray 50ml",
    "referenceUri": "/ralph-lauren-romance-eau-de-parfum-spray-50ml-10011792",
    "canAddToBasket": "yes",
    "opticians": false,
    "inStock": true,
    "expressDelivery": false,
    "hasOtherPromotion": true,
    "channelPromotionalTextMap": {
      "-1": [
        "Save up to 1/2 price on selected fragrances"
      ],
      "-6": [
        "Save up to 1/2 price on selected fragrances"
      ]
    },
    "adCardPoints": 144
  },
  {
    "_id": {
      "$oid": "65ec108d9884656b92f5577b"
    },
    "ppuQuantity": "80ML",
    "pricing": {
      "perUnit": "£111.56 per 100ML",
      "regular": {
        "value": 105,
        "currency": "GBP",
        "text": "£105.00"
      },
      "current": {
        "value": 89.25,
        "currency": "GBP",
        "text": "£89.25"
      },
      "saving": {
        "value": 15.75,
        "currency": "GBP",
        "text": "£15.75"
      }
    },
    "objectId": "2177033",
    "brand": "Givenchy",
    "attributes": {
      "fragrance_scent": [
        "jasmine",
        "floral"
      ],
      "StockOverrideMessage": "STOCK_COMING_SOON",
      "gender": "womens",
      "size": "71-100",
      "format": "spray",
      "fragrance_type": "eau de parfum",
      "recipient": "gifts for women",
      "hasPriceAdvantageDeal": false,
      "Reporting_Category": "fragrance",
      "gift_type": "fragrance gifts",
      "ProductReviewFlag": "1"
    },
    "variants": {
      "colours": [],
      "hasColours": false,
      "hasSizes": false
    },
    "categories": [
      [
        {
          "name": "fragrance",
          "label": "fragrance"
        },
        {
          "name": "gift",
          "label": "gift"
        }
      ],
      [
        {
          "name": "recommended",
          "label": "fragrance > recommended"
        },
        {
          "name": "perfume",
          "label": "fragrance > perfume"
        },
        {
          "name": "fragrance offers",
          "label": "fragrance > fragrance offers"
        },
        {
          "name": "gifts for her",
          "label": "gift > gifts for her"
        }
      ],
      [
        {
          "name": "all perfumes",
          "label": "fragrance > perfume > all perfumes"
        },
        {
          "name": "floral perfume",
          "label": "fragrance > perfume > floral perfume"
        },
        {
          "name": "Collect £10 worth of points when you spend £60",
          "label": "fragrance > fragrance offers > Collect £10 worth of points when you spend £60"
        },
        {
          "name": "Save 15% on 100s of fragrances",
          "label": "fragrance > fragrance offers > Save 15% on 100s of fragrances"
        },
        {
          "name": "trending fragrance",
          "label": "fragrance > recommended > trending fragrance"
        },
        {
          "name": "all perfumes",
          "label": "gift > gifts for her > all perfumes"
        }
      ]
    ],
    "reviews": {
      "average": 4.47,
      "count": 1932,
      "rounded": 4
    },
    "parent": {
      "product": "2177032",
      "partNumber": "10255427.P",
      "model": "10255427",
      "manufacturerModel": "8309515"
    },
    "images": {
      "thumbnail": "https://boots.scene7.com/is/image/Boots/10255427?wid=45&hei=60&op_sharpen=1"
    },
    "offers": [
      {
        "text": "Free gift when you buy selected Givenchy - whilst stocks last"
      },
      {
        "text": "Save up to 20 percent on selected fragrances"
      }
    ],
    "actions": {},
    "iconUri": "https://boots.scene7.com/is/image/Boots/10255427?op_sharpen=1",
    "title": "Givenchy L'Interdit Eau de Parfum 80ml",
    "referenceUri": "/givenchy-linterdit-eau-de-parfum-80ml-10255427",
    "canAddToBasket": "yes",
    "opticians": false,
    "inStock": true,
    "expressDelivery": false,
    "hasOtherPromotion": true,
    "channelPromotionalTextMap": {
      "-1": [
        "Free gift when you buy selected Givenchy - whilst stocks last",
        "Save up to 20 percent on selected fragrances"
      ],
      "-6": [
        "Free gift when you buy selected Givenchy - whilst stocks last",
        "Save up to 20 percent on selected fragrances"
      ]
    },
    "adCardPoints": 267
  },
  {
    "_id": {
      "$oid": "65ec108d9884656b92f5577c"
    },
    "ppuQuantity": "67ML",
    "pricing": {
      "perUnit": "£59.70 per 100ML",
      "regular": {
        "value": 60,
        "currency": "GBP",
        "text": "£60.00"
      },
      "current": {
        "value": 40,
        "currency": "GBP",
        "text": "£40.00"
      },
      "saving": {
        "value": 20,
        "currency": "GBP",
        "text": "£20.00"
      }
    },
    "objectId": "3905",
    "brand": "Estee Lauder",
    "attributes": {
      "fragrance_scent": [
        "amber",
        "woody",
        "spicy"
      ],
      "gender": "womens",
      "size": "51-70",
      "StockOverrideMessage": "STOCK_COMING_SOON",
      "parentCategory_UK": "33071",
      "fragrance_type": "eau de parfum",
      "hasPriceAdvantageDeal": false,
      "Reporting_Category": "fragrance",
      "ProductReviewFlag": "1"
    },
    "variants": {
      "colours": [],
      "hasColours": false,
      "hasSizes": false
    },
    "categories": [
      [
        {
          "name": "fragrance",
          "label": "fragrance"
        },
        {
          "name": "gift",
          "label": "gift"
        }
      ],
      [
        {
          "name": "5* rated perfumes & aftershaves",
          "label": "fragrance > 5* rated perfumes & aftershaves"
        },
        {
          "name": "perfume",
          "label": "fragrance > perfume"
        },
        {
          "name": "fragrance offers",
          "label": "fragrance > fragrance offers"
        },
        {
          "name": "gifts for her",
          "label": "gift > gifts for her"
        }
      ],
      [
        {
          "name": "all perfumes",
          "label": "fragrance > perfume > all perfumes"
        },
        {
          "name": "amber perfume",
          "label": "fragrance > perfume > amber perfume"
        },
        {
          "name": "save up to half price",
          "label": "fragrance > fragrance offers > save up to half price"
        },
        {
          "name": "all perfumes",
          "label": "gift > gifts for her > all perfumes"
        }
      ]
    ],
    "reviews": {
      "average": 4.62,
      "count": 175,
      "rounded": 4
    },
    "parent": {
      "product": "3904",
      "partNumber": "10013651.P",
      "model": "10013651",
      "manufacturerModel": "1918494"
    },
    "images": {
      "thumbnail": "https://boots.scene7.com/is/image/Boots/10013651?wid=45&hei=60&op_sharpen=1"
    },
    "offers": [
      {
        "text": "Save 1/3 on selected Estee Lauder fragrances - online only, while stocks last"
      }
    ],
    "actions": {},
    "iconUri": "https://boots.scene7.com/is/image/Boots/10013651?op_sharpen=1",
    "title": "Estée Lauder Youth Dew Eau de Parfum Spray 67ml",
    "referenceUri": "/estee-lauder-youth-dew-eau-de-parfum-spray-65ml-10013651",
    "canAddToBasket": "yes",
    "opticians": false,
    "inStock": true,
    "expressDelivery": false,
    "hasOtherPromotion": true,
    "channelPromotionalTextMap": {
      "-1": [
        "Save 1/3 on selected Estee Lauder fragrances - online only, while stocks last"
      ],
      "-6": [
        "Save 1/3 on selected Estee Lauder fragrances - online only, while stocks last"
      ]
    },
    "adCardPoints": 120
  },
  {
    "_id": {
      "$oid": "65ec108d9884656b92f5577d"
    },
    "ppuQuantity": "50ML",
    "pricing": {
      "perUnit": "£114.00 per 100ML",
      "regular": {
        "value": 69,
        "currency": "GBP",
        "text": "£69.00"
      },
      "current": {
        "value": 57,
        "currency": "GBP",
        "text": "£57.00"
      },
      "saving": {
        "value": 12,
        "currency": "GBP",
        "text": "£12.00"
      }
    },
    "objectId": "857747",
    "brand": "Issey Miyake",
    "attributes": {
      "fragrance_scent": [
        "floral",
        "woody"
      ],
      "StockOverrideMessage": "STOCK_COMING_SOON",
      "size": "41-50",
      "gender": "womens",
      "parentCategory_UK": "33071",
      "fragrance_type": "eau de parfum",
      "hasPriceAdvantageDeal": false,
      "Reporting_Category": "fragrance",
      "ProductReviewFlag": "1"
    },
    "variants": {
      "colours": [],
      "hasColours": false,
      "hasSizes": false
    },
    "categories": [
      [
        {
          "name": "new in",
          "label": "new in"
        },
        {
          "name": "fragrance",
          "label": "fragrance"
        },
        {
          "name": "gift",
          "label": "gift"
        },
        {
          "name": "mother's day",
          "label": "mother's day"
        }
      ],
      [
        {
          "name": "new in fragrance",
          "label": "new in > new in fragrance"
        },
        {
          "name": "perfume",
          "label": "fragrance > perfume"
        },
        {
          "name": "fragrance offers",
          "label": "fragrance > fragrance offers"
        },
        {
          "name": "gifts for her",
          "label": "gift > gifts for her"
        },
        {
          "name": "new in fragrance",
          "label": "fragrance > new in fragrance"
        },
        {
          "name": "shop all",
          "label": "mother's day > shop all"
        }
      ],
      [
        {
          "name": "all perfumes",
          "label": "fragrance > perfume > all perfumes"
        },
        {
          "name": "floral perfume",
          "label": "fragrance > perfume > floral perfume"
        },
        {
          "name": "save up to half price",
          "label": "fragrance > fragrance offers > save up to half price"
        },
        {
          "name": "all perfumes",
          "label": "gift > gifts for her > all perfumes"
        }
      ]
    ],
    "reviews": {
      "average": 4.86,
      "count": 37,
      "rounded": 4
    },
    "parent": {
      "product": "857746",
      "partNumber": "10081652.P",
      "model": "10081652",
      "manufacturerModel": "2530821"
    },
    "images": {
      "thumbnail": "https://boots.scene7.com/is/image/Boots/10081652?wid=45&hei=60&op_sharpen=1"
    },
    "offers": [
      {
        "text": "Save up to 1/2 price on selected fragrances"
      }
    ],
    "actions": {},
    "iconUri": "https://boots.scene7.com/is/image/Boots/10081652?op_sharpen=1",
    "title": "Issey Miyake L'Eau d'Issey Eau de Parfum Natural Spray 50ml",
    "referenceUri": "/issey-miyake-leau-dissey-eau-de-parfum-natural-spray-50ml-10081652",
    "canAddToBasket": "yes",
    "opticians": false,
    "inStock": true,
    "expressDelivery": false,
    "hasOtherPromotion": true,
    "channelPromotionalTextMap": {
      "-1": [
        "Save up to 1/2 price on selected fragrances"
      ],
      "-6": [
        "Save up to 1/2 price on selected fragrances"
      ]
    },
    "adCardPoints": 171
  },
  {
    "_id": {
      "$oid": "65ec108d9884656b92f5577e"
    },
    "ppuQuantity": "50ML",
    "pricing": {
      "perUnit": "£109.50 per 100ML",
      "regular": {
        "value": 73,
        "currency": "GBP",
        "text": "£73.00"
      },
      "current": {
        "value": 54.75,
        "currency": "GBP",
        "text": "£54.75"
      },
      "saving": {
        "value": 18.25,
        "currency": "GBP",
        "text": "£18.25"
      }
    },
    "objectId": "2393441",
    "brand": "Kayali",
    "attributes": {
      "fragrance_scent": "floral",
      "gender": "womens",
      "StockOverrideMessage": "STOCK_COMING_SOON",
      "fragrance_type": "eau de parfum",
      "hasPriceAdvantageDeal": false,
      "ProductReviewFlag": "1"
    },
    "variants": {
      "colours": [],
      "hasColours": false,
      "hasSizes": false
    },
    "categories": [
      [
        {
          "name": "fragrance",
          "label": "fragrance"
        },
        {
          "name": "beauty & skincare",
          "label": "beauty & skincare"
        },
        {
          "name": "toiletries",
          "label": "toiletries"
        },
        {
          "name": "gift",
          "label": "gift"
        }
      ],
      [
        {
          "name": "recommended",
          "label": "fragrance > recommended"
        },
        {
          "name": "premium beauty & skincare",
          "label": "beauty & skincare > premium beauty & skincare"
        },
        {
          "name": "skincare",
          "label": "beauty & skincare > skincare"
        },
        {
          "name": "perfume",
          "label": "fragrance > perfume"
        },
        {
          "name": "skincare",
          "label": "toiletries > skincare"
        },
        {
          "name": "gifts for her",
          "label": "gift > gifts for her"
        }
      ],
      [
        {
          "name": "save up to 25% across selected premium beauty and No7",
          "label": "beauty & skincare > premium beauty & skincare > save up to 25% across selected premium beauty and No7"
        },
        {
          "name": "skin type",
          "label": "beauty & skincare > skincare > skin type"
        },
        {
          "name": "skincare ingredients",
          "label": "beauty & skincare > skincare > skincare ingredients"
        },
        {
          "name": "all perfumes",
          "label": "fragrance > perfume > all perfumes"
        },
        {
          "name": "floral perfume",
          "label": "fragrance > perfume > floral perfume"
        },
        {
          "name": "niche fragrance",
          "label": "fragrance > recommended > niche fragrance"
        },
        {
          "name": "skin type",
          "label": "toiletries > skincare > skin type"
        },
        {
          "name": "skincare ingredients",
          "label": "toiletries > skincare > skincare ingredients"
        },
        {
          "name": "all perfumes",
          "label": "gift > gifts for her > all perfumes"
        }
      ]
    ],
    "reviews": {
      "average": 4.14,
      "count": 37,
      "rounded": 4
    },
    "parent": {
      "product": "2393440",
      "partNumber": "10279671.P",
      "model": "10279671",
      "manufacturerModel": "8855471"
    },
    "images": {
      "thumbnail": "https://boots.scene7.com/is/image/Boots/10279671?wid=45&hei=60&op_sharpen=1"
    },
    "offers": [
      {
        "text": "Save up to 25 percent across selected Premium Beauty"
      }
    ],
    "actions": {},
    "iconUri": "https://boots.scene7.com/is/image/Boots/10279671?op_sharpen=1",
    "title": "Kayali Déjà vu White Flower 57 50ml",
    "referenceUri": "/kayali-d%C3%A9j%C3%A0-vu-white-flower-57-10279671",
    "canAddToBasket": "yes",
    "opticians": false,
    "inStock": true,
    "expressDelivery": false,
    "hasOtherPromotion": true,
    "channelPromotionalTextMap": {
      "-1": [
        "Save up to 25 percent across selected Premium Beauty"
      ],
      "-6": [
        "Save up to 25 percent across selected Premium Beauty"
      ]
    },
    "adCardPoints": 162
  },
  {
    "_id": {
      "$oid": "65ec108d9884656b92f5577f"
    },
    "ppuQuantity": "75ML",
    "pricing": {
      "perUnit": "£113.33 per 100ML",
      "regular": {
        "value": 100,
        "currency": "GBP",
        "text": "£100.00"
      },
      "current": {
        "value": 85,
        "currency": "GBP",
        "text": "£85.00"
      },
      "saving": {
        "value": 15,
        "currency": "GBP",
        "text": "£15.00"
      }
    },
    "objectId": "31502",
    "brand": "Giorgio Armani",
    "attributes": {
      "fragrance_scent": [
        "vanilla",
        "amber",
        "jasmine",
        "floral"
      ],
      "size": "71-100",
      "gender": "womens",
      "StockOverrideMessage": "STOCK_COMING_SOON",
      "parentCategory_UK": "33071",
      "fragrance_type": "eau de parfum",
      "hasPriceAdvantageDeal": false,
      "Reporting_Category": "fragrance",
      "ProductReviewFlag": "1"
    },
    "variants": {
      "colours": [],
      "hasColours": false,
      "hasSizes": false
    },
    "categories": [
      [
        {
          "name": "fragrance",
          "label": "fragrance"
        },
        {
          "name": "gift",
          "label": "gift"
        }
      ],
      [
        {
          "name": "perfume",
          "label": "fragrance > perfume"
        },
        {
          "name": "fragrance offers",
          "label": "fragrance > fragrance offers"
        },
        {
          "name": "gifts for her",
          "label": "gift > gifts for her"
        }
      ],
      [
        {
          "name": "all perfumes",
          "label": "fragrance > perfume > all perfumes"
        },
        {
          "name": "vanilla perfume",
          "label": "fragrance > perfume > vanilla perfume"
        },
        {
          "name": "floral perfume",
          "label": "fragrance > perfume > floral perfume"
        },
        {
          "name": "amber perfume",
          "label": "fragrance > perfume > amber perfume"
        },
        {
          "name": "Save 15% on 100s of fragrances",
          "label": "fragrance > fragrance offers > Save 15% on 100s of fragrances"
        },
        {
          "name": "all perfumes",
          "label": "gift > gifts for her > all perfumes"
        }
      ]
    ],
    "reviews": {
      "average": 4.54,
      "count": 457,
      "rounded": 4
    },
    "parent": {
      "product": "31501",
      "partNumber": "10058931.P",
      "model": "10058931",
      "manufacturerModel": "5060745"
    },
    "images": {
      "thumbnail": "https://boots.scene7.com/is/image/Boots/10058931?wid=45&hei=60&op_sharpen=1"
    },
    "offers": [
      {
        "text": "Save up to 20 percent on selected fragrances"
      }
    ],
    "actions": {},
    "iconUri": "https://boots.scene7.com/is/image/Boots/10058931?op_sharpen=1",
    "title": "Giorgio Armani Code for Women Eau de Parfum 75ml",
    "referenceUri": "/giorgio-armani-code-for-women-eau-de-parfum-75ml-10058931",
    "canAddToBasket": "yes",
    "opticians": false,
    "inStock": true,
    "expressDelivery": false,
    "hasOtherPromotion": true,
    "channelPromotionalTextMap": {
      "-1": [
        "Save up to 20 percent on selected fragrances"
      ],
      "-6": [
        "Save up to 20 percent on selected fragrances"
      ]
    },
    "adCardPoints": 255
  },
  {
    "_id": {
      "$oid": "65ec108d9884656b92f55780"
    },
    "ppuQuantity": "50ML",
    "pricing": {
      "perUnit": "£118.50 per 100ML",
      "regular": {
        "value": 79,
        "currency": "GBP",
        "text": "£79.00"
      },
      "current": {
        "value": 59.25,
        "currency": "GBP",
        "text": "£59.25"
      },
      "saving": {
        "value": 19.75,
        "currency": "GBP",
        "text": "£19.75"
      }
    },
    "objectId": "2805667",
    "brand": "Kayali",
    "attributes": {
      "fragrance_scent": [
        "sweet",
        "vanilla"
      ],
      "size": "41-50",
      "StockOverrideMessage": "STOCK_COMING_SOON",
      "fragrance_type": "eau de parfum",
      "hasPriceAdvantageDeal": false,
      "ProductReviewFlag": "1"
    },
    "variants": {
      "colours": [],
      "hasColours": false,
      "hasSizes": false
    },
    "categories": [
      [
        {
          "name": "gift",
          "label": "gift"
        },
        {
          "name": "beauty & skincare",
          "label": "beauty & skincare"
        },
        {
          "name": "fragrance",
          "label": "fragrance"
        }
      ],
      [
        {
          "name": "birthday gifts",
          "label": "gift > birthday gifts"
        },
        {
          "name": "premium beauty & skincare",
          "label": "beauty & skincare > premium beauty & skincare"
        },
        {
          "name": "perfume",
          "label": "fragrance > perfume"
        },
        {
          "name": "gifts for her",
          "label": "gift > gifts for her"
        },
        {
          "name": "brands",
          "label": "fragrance > brands"
        }
      ],
      [
        {
          "name": "save up to 25% across selected premium beauty and No7",
          "label": "beauty & skincare > premium beauty & skincare > save up to 25% across selected premium beauty and No7"
        },
        {
          "name": "all perfumes",
          "label": "fragrance > perfume > all perfumes"
        },
        {
          "name": "vanilla perfume",
          "label": "fragrance > perfume > vanilla perfume"
        },
        {
          "name": "all perfumes",
          "label": "gift > gifts for her > all perfumes"
        }
      ]
    ],
    "reviews": {
      "average": 4.27,
      "count": 96,
      "rounded": 4
    },
    "parent": {
      "product": "2805666",
      "partNumber": "10325592.P",
      "model": "10325592",
      "manufacturerModel": "5408970"
    },
    "images": {
      "thumbnail": "https://boots.scene7.com/is/image/Boots/10325592?wid=45&hei=60&op_sharpen=1"
    },
    "offers": [
      {
        "text": "Save up to 25 percent across selected Premium Beauty"
      }
    ],
    "actions": {},
    "iconUri": "https://boots.scene7.com/is/image/Boots/10325592?op_sharpen=1",
    "title": "Kayali Yum Pistachio Gelato 33 Eau de Parfum 50ml",
    "referenceUri": "/kayali-yum-pistachio-gelato-33-eau-de-parfum-50ml-10325592",
    "canAddToBasket": "yes",
    "opticians": false,
    "inStock": true,
    "expressDelivery": false,
    "hasOtherPromotion": true,
    "channelPromotionalTextMap": {
      "-1": [
        "Save up to 25 percent across selected Premium Beauty"
      ],
      "-6": [
        "Save up to 25 percent across selected Premium Beauty"
      ]
    },
    "adCardPoints": 177
  },
  {
    "_id": {
      "$oid": "65ec108d9884656b92f55781"
    },
    "ppuQuantity": "100ML",
    "pricing": {
      "perUnit": "£23.00 per 100ML",
      "regular": {
        "value": 46,
        "currency": "GBP",
        "text": "£46.00"
      },
      "current": {
        "value": 23,
        "currency": "GBP",
        "text": "£23.00"
      },
      "saving": {
        "value": 23,
        "currency": "GBP",
        "text": "£23.00"
      }
    },
    "objectId": "36567",
    "brand": "Britney Spears",
    "attributes": {
      "fragrance_scent": [
        "sweet",
        "vanilla",
        "fruity",
        "musk",
        "amber"
      ],
      "size": "71-100",
      "StockOverrideMessage": "STOCK_COMING_SOON",
      "gender": "womens",
      "parentCategory_UK": "33071",
      "fragrance_type": "eau de parfum",
      "hasPriceAdvantageDeal": false,
      "Reporting_Category": "fragrance",
      "ProductReviewFlag": "1"
    },
    "variants": {
      "colours": [],
      "hasColours": false,
      "hasSizes": false
    },
    "categories": [
      [
        {
          "name": "fragrance",
          "label": "fragrance"
        },
        {
          "name": "gift",
          "label": "gift"
        }
      ],
      [
        {
          "name": "5* rated perfumes & aftershaves",
          "label": "fragrance > 5* rated perfumes & aftershaves"
        },
        {
          "name": "perfume",
          "label": "fragrance > perfume"
        },
        {
          "name": "fragrance offers",
          "label": "fragrance > fragrance offers"
        },
        {
          "name": "gifts for her",
          "label": "gift > gifts for her"
        },
        {
          "name": "celebrity fragrance",
          "label": "fragrance > celebrity fragrance"
        }
      ],
      [
        {
          "name": "all perfumes",
          "label": "fragrance > perfume > all perfumes"
        },
        {
          "name": "vanilla perfume",
          "label": "fragrance > perfume > vanilla perfume"
        },
        {
          "name": "musky perfume",
          "label": "fragrance > perfume > musky perfume"
        },
        {
          "name": "amber perfume",
          "label": "fragrance > perfume > amber perfume"
        },
        {
          "name": "save up to half price",
          "label": "fragrance > fragrance offers > save up to half price"
        },
        {
          "name": "save up to 20% on fragrance",
          "label": "fragrance > fragrance offers > save up to 20% on fragrance"
        },
        {
          "name": "black friday fragrance offers",
          "label": "fragrance > fragrance offers > black friday fragrance offers"
        },
        {
          "name": "all perfumes",
          "label": "gift > gifts for her > all perfumes"
        }
      ]
    ],
    "reviews": {
      "average": 4.53,
      "count": 161,
      "rounded": 4
    },
    "parent": {
      "product": "36566",
      "partNumber": "10062352.P",
      "model": "10062352",
      "manufacturerModel": "5155452"
    },
    "images": {
      "thumbnail": "https://boots.scene7.com/is/image/Boots/10062352?wid=45&hei=60&op_sharpen=1"
    },
    "offers": [
      {
        "text": "Save up to 1/2 price on selected fragrances"
      }
    ],
    "actions": {},
    "iconUri": "https://boots.scene7.com/is/image/Boots/10062352?op_sharpen=1",
    "title": "Britney Spears Midnight Fantasy Eau de Parfum 100ml",
    "referenceUri": "/britney-spears-midnight-fantasy-eau-de-parfum-100ml-10062352",
    "canAddToBasket": "yes",
    "opticians": false,
    "inStock": true,
    "expressDelivery": false,
    "hasOtherPromotion": true,
    "channelPromotionalTextMap": {
      "-1": [
        "Save up to 1/2 price on selected fragrances"
      ],
      "-6": [
        "Save up to 1/2 price on selected fragrances"
      ]
    },
    "adCardPoints": 69
  },
  {
    "_id": {
      "$oid": "65ec108d9884656b92f55782"
    },
    "ppuQuantity": "90ML",
    "pricing": {
      "perUnit": "£118.06 per 100ML",
      "regular": {
        "value": 125,
        "currency": "GBP",
        "text": "£125.00"
      },
      "current": {
        "value": 106.25,
        "currency": "GBP",
        "text": "£106.25"
      },
      "saving": {
        "value": 18.75,
        "currency": "GBP",
        "text": "£18.75"
      }
    },
    "objectId": "2928113",
    "brand": "Mugler",
    "attributes": {
      "fragrance_scent": [
        "floral",
        "amber"
      ],
      "product_type": "body spray",
      "size": "71-100",
      "gender": "womens",
      "StockOverrideMessage": "STOCK_COMING_SOON",
      "format": "spray",
      "fragrance_type": "eau de parfum",
      "hasPriceAdvantageDeal": false,
      "ProductReviewFlag": "1"
    },
    "variants": {
      "colours": [],
      "hasColours": false,
      "hasSizes": false
    },
    "categories": [
      [
        {
          "name": "new in",
          "label": "new in"
        },
        {
          "name": "fragrance",
          "label": "fragrance"
        },
        {
          "name": "gift",
          "label": "gift"
        },
        {
          "name": "mother's day",
          "label": "mother's day"
        }
      ],
      [
        {
          "name": "new in fragrance",
          "label": "new in > new in fragrance"
        },
        {
          "name": "perfume",
          "label": "fragrance > perfume"
        },
        {
          "name": "recommended",
          "label": "fragrance > recommended"
        },
        {
          "name": "gifts for her",
          "label": "gift > gifts for her"
        },
        {
          "name": "new in fragrance",
          "label": "fragrance > new in fragrance"
        },
        {
          "name": "shop all",
          "label": "mother's day > shop all"
        }
      ],
      [
        {
          "name": "all perfumes",
          "label": "fragrance > perfume > all perfumes"
        },
        {
          "name": "floral perfume",
          "label": "fragrance > perfume > floral perfume"
        },
        {
          "name": "amber perfume",
          "label": "fragrance > perfume > amber perfume"
        },
        {
          "name": "best floral perfumes",
          "label": "fragrance > recommended > best floral perfumes"
        },
        {
          "name": "all perfumes",
          "label": "gift > gifts for her > all perfumes"
        }
      ]
    ],
    "reviews": {
      "average": 4.79,
      "count": 592,
      "rounded": 4
    },
    "parent": {
      "product": "2928112",
      "partNumber": "10339508.P",
      "model": "10339508",
      "manufacturerModel": "2150220"
    },
    "images": {
      "thumbnail": "https://boots.scene7.com/is/image/Boots/10339508?wid=45&hei=60&op_sharpen=1"
    },
    "offers": [
      {
        "text": "Free gift when you buy selected Mugler - whilst stocks last"
      },
      {
        "text": "Save up to 20 percent on selected fragrances"
      }
    ],
    "actions": {},
    "iconUri": "https://boots.scene7.com/is/image/Boots/10339508?op_sharpen=1",
    "title": "Mugler Alien Hypersense Eau de Parfum 90ml",
    "referenceUri": "/mugler-alien-hypersense-eau-de-parfum-90ml-10339508",
    "canAddToBasket": "yes",
    "opticians": false,
    "inStock": true,
    "expressDelivery": false,
    "hasOtherPromotion": true,
    "channelPromotionalTextMap": {
      "-1": [
        "Free gift when you buy selected Mugler - whilst stocks last",
        "Save up to 20 percent on selected fragrances"
      ],
      "-6": [
        "Free gift when you buy selected Mugler - whilst stocks last",
        "Save up to 20 percent on selected fragrances"
      ]
    },
    "adCardPoints": 318
  },
  {
    "_id": {
      "$oid": "65ec108d9884656b92f55783"
    },
    "ppuQuantity": "50ML",
    "pricing": {
      "perUnit": "£144.00 per 100ML",
      "regular": {
        "value": 90,
        "currency": "GBP",
        "text": "£90.00"
      },
      "current": {
        "value": 72,
        "currency": "GBP",
        "text": "£72.00"
      },
      "saving": {
        "value": 18,
        "currency": "GBP",
        "text": "£18.00"
      }
    },
    "objectId": "118735",
    "brand": "Chloe",
    "attributes": {
      "fragrance_scent": [
        "floral",
        "amber"
      ],
      "StockOverrideMessage": "STOCK_COMING_SOON",
      "size": "41-50",
      "gender": "womens",
      "Size": "50ml",
      "parentCategory_UK": "33071",
      "fragrance_type": "eau de parfum",
      "hasPriceAdvantageDeal": false,
      "Reporting_Category": "fragrance",
      "ProductReviewFlag": "1"
    },
    "variants": {
      "colours": [],
      "hasColours": false,
      "hasSizes": false
    },
    "categories": [
      [
        {
          "name": "fragrance",
          "label": "fragrance"
        },
        {
          "name": "gift",
          "label": "gift"
        }
      ],
      [
        {
          "name": "perfume",
          "label": "fragrance > perfume"
        },
        {
          "name": "fragrance offers",
          "label": "fragrance > fragrance offers"
        },
        {
          "name": "gifts for her",
          "label": "gift > gifts for her"
        }
      ],
      [
        {
          "name": "all perfumes",
          "label": "fragrance > perfume > all perfumes"
        },
        {
          "name": "floral perfume",
          "label": "fragrance > perfume > floral perfume"
        },
        {
          "name": "amber perfume",
          "label": "fragrance > perfume > amber perfume"
        },
        {
          "name": "Save 15% on 100s of fragrances",
          "label": "fragrance > fragrance offers > Save 15% on 100s of fragrances"
        },
        {
          "name": "all perfumes",
          "label": "gift > gifts for her > all perfumes"
        }
      ]
    ],
    "reviews": {
      "average": 4.46,
      "count": 1526,
      "rounded": 4
    },
    "parent": {
      "product": "118734",
      "partNumber": "10076435.P",
      "model": "10076435",
      "manufacturerModel": "5498791"
    },
    "images": {
      "thumbnail": "https://boots.scene7.com/is/image/Boots/10076435?wid=45&hei=60&op_sharpen=1"
    },
    "offers": [
      {
        "text": "Free gift when you buy selected Chloe fragrances - while stocks last"
      },
      {
        "text": "Free gift when you buy selected Chloe fragrance - online only, whilst stocks last"
      },
      {
        "text": "Save up to 20 percent on selected fragrances"
      }
    ],
    "actions": {},
    "iconUri": "https://boots.scene7.com/is/image/Boots/10076435?op_sharpen=1",
    "title": "Chloé Eau de Parfum for Women 50ml",
    "referenceUri": "/chloe-eau-de-parfum-50ml-10076435",
    "canAddToBasket": "yes",
    "opticians": false,
    "inStock": true,
    "expressDelivery": false,
    "hasOtherPromotion": true,
    "channelPromotionalTextMap": {
      "-1": [
        "Free gift when you buy selected Chloe fragrances - while stocks last",
        "Free gift when you buy selected Chloe fragrance - online only, whilst stocks last",
        "Save up to 20 percent on selected fragrances"
      ],
      "-6": [
        "Free gift when you buy selected Chloe fragrances - while stocks last",
        "Free gift when you buy selected Chloe fragrance - online only, whilst stocks last",
        "Save up to 20 percent on selected fragrances"
      ]
    },
    "adCardPoints": 216
  },
  {
    "_id": {
      "$oid": "65ec108d9884656b92f55784"
    },
    "ppuQuantity": "100ML",
    "pricing": {
      "perUnit": "£42.00 per 100ML",
      "regular": {
        "value": 81,
        "currency": "GBP",
        "text": "£81.00"
      },
      "current": {
        "value": 42,
        "currency": "GBP",
        "text": "£42.00"
      },
      "saving": {
        "value": 39,
        "currency": "GBP",
        "text": "£39.00"
      }
    },
    "objectId": "2824659",
    "brand": "DKNY",
    "attributes": {
      "fragrance_scent": "citrus",
      "product_type": "body spray",
      "StockOverrideMessage": "STOCK_COMING_SOON",
      "size": "71-100",
      "gender": "womens",
      "format": "spray",
      "fragrance_type": "eau de toilette",
      "hasPriceAdvantageDeal": false,
      "key_features": "energising",
      "ProductReviewFlag": "1"
    },
    "variants": {
      "colours": [],
      "hasColours": false,
      "hasSizes": false
    },
    "categories": [
      [
        {
          "name": "new in",
          "label": "new in"
        },
        {
          "name": "fragrance",
          "label": "fragrance"
        },
        {
          "name": "gift",
          "label": "gift"
        }
      ],
      [
        {
          "name": "perfume",
          "label": "fragrance > perfume"
        },
        {
          "name": "fragrance offers",
          "label": "fragrance > fragrance offers"
        },
        {
          "name": "gifts for her",
          "label": "gift > gifts for her"
        },
        {
          "name": "brands",
          "label": "fragrance > brands"
        }
      ],
      [
        {
          "name": "all perfumes",
          "label": "fragrance > perfume > all perfumes"
        },
        {
          "name": "everyday low prices",
          "label": "fragrance > fragrance offers > everyday low prices"
        },
        {
          "name": "all perfumes",
          "label": "gift > gifts for her > all perfumes"
        }
      ]
    ],
    "reviews": {
      "average": 4.89,
      "count": 18,
      "rounded": 4
    },
    "parent": {
      "product": "2824658",
      "partNumber": "10327131.P",
      "model": "10327131",
      "manufacturerModel": "5464234"
    },
    "images": {
      "thumbnail": "https://boots.scene7.com/is/image/Boots/10327131?wid=45&hei=60&op_sharpen=1"
    },
    "offers": [
      {
        "text": "Save up to 1/2 price on selected fragrances"
      }
    ],
    "actions": {},
    "iconUri": "https://boots.scene7.com/is/image/Boots/10327131?op_sharpen=1",
    "title": "DKNY Women Eau de Toilette 100ml",
    "referenceUri": "/dkny-women-eau-de-toilette-100ml-10327131",
    "canAddToBasket": "yes",
    "opticians": false,
    "inStock": true,
    "expressDelivery": false,
    "hasOtherPromotion": true,
    "channelPromotionalTextMap": {
      "-1": [
        "Save up to 1/2 price on selected fragrances"
      ],
      "-6": [
        "Save up to 1/2 price on selected fragrances"
      ]
    },
    "adCardPoints": 126
  },
  {
    "_id": {
      "$oid": "65ec108d9884656b92f55785"
    },
    "ppuQuantity": "50ML",
    "pricing": {
      "perUnit": "£156.40 per 100ML",
      "regular": {
        "value": 92,
        "currency": "GBP",
        "text": "£92.00"
      },
      "current": {
        "value": 78.2,
        "currency": "GBP",
        "text": "£78.20"
      },
      "saving": {
        "value": 13.8,
        "currency": "GBP",
        "text": "£13.80"
      }
    },
    "objectId": "2865109",
    "brand": "Jean Paul Gaultier",
    "attributes": {
      "fragrance_scent": "floral",
      "suitable_for": "vegan",
      "product_type": "body spray",
      "StockOverrideMessage": "STOCK_COMING_SOON",
      "gender": "womens",
      "size": "41-50",
      "format": "spray",
      "fragrance_type": "eau de parfum",
      "hasPriceAdvantageDeal": false,
      "ProductReviewFlag": "1"
    },
    "variants": {
      "colours": [],
      "hasColours": false,
      "hasSizes": false
    },
    "categories": [
      [
        {
          "name": "fragrance",
          "label": "fragrance"
        },
        {
          "name": "gift",
          "label": "gift"
        },
        {
          "name": "mother's day",
          "label": "mother's day"
        },
        {
          "name": "new in",
          "label": "new in"
        }
      ],
      [
        {
          "name": "perfume",
          "label": "fragrance > perfume"
        },
        {
          "name": "gifts for her",
          "label": "gift > gifts for her"
        },
        {
          "name": "luxury fragrance",
          "label": "fragrance > luxury fragrance"
        },
        {
          "name": "new in fragrance",
          "label": "fragrance > new in fragrance"
        },
        {
          "name": "brands",
          "label": "fragrance > brands"
        },
        {
          "name": "shop all",
          "label": "mother's day > shop all"
        },
        {
          "name": "new in fragrance",
          "label": "new in > new in fragrance"
        }
      ],
      [
        {
          "name": "all perfumes",
          "label": "fragrance > perfume > all perfumes"
        },
        {
          "name": "floral perfume",
          "label": "fragrance > perfume > floral perfume"
        },
        {
          "name": "all perfumes",
          "label": "gift > gifts for her > all perfumes"
        }
      ]
    ],
    "reviews": {
      "average": 4.61,
      "count": 1130,
      "rounded": 4
    },
    "parent": {
      "product": "2865108",
      "partNumber": "10332270.P",
      "model": "10332270",
      "manufacturerModel": "5747546"
    },
    "images": {
      "thumbnail": "https://boots.scene7.com/is/image/Boots/10332270?wid=45&hei=60&op_sharpen=1"
    },
    "offers": [
      {
        "text": "Save up to 20 percent on selected fragrances"
      }
    ],
    "actions": {},
    "iconUri": "https://boots.scene7.com/is/image/Boots/10332270?op_sharpen=1",
    "title": "Jean Paul Gaultier Gaultier Divine Eau de Parfum 50ml",
    "referenceUri": "/jean-paul-gaultier-divine-eau-de-parfum-50ml-10332270",
    "canAddToBasket": "yes",
    "opticians": false,
    "inStock": true,
    "expressDelivery": false,
    "hasOtherPromotion": true,
    "channelPromotionalTextMap": {
      "-1": [
        "Save up to 20 percent on selected fragrances"
      ],
      "-6": [
        "Save up to 20 percent on selected fragrances"
      ]
    },
    "adCardPoints": 234
  },
  {
    "_id": {
      "$oid": "65ec108d9884656b92f55786"
    },
    "ppuQuantity": null,
    "pricing": {
      "perUnit": "",
      "regular": {
        "value": 7.99,
        "currency": "GBP",
        "text": "£7.99"
      },
      "current": {
        "value": 6.39,
        "currency": "GBP",
        "text": "£6.39"
      },
      "saving": {
        "value": 1.6,
        "currency": "GBP",
        "text": "£1.60"
      }
    },
    "objectId": "1918861",
    "brand": "Travalo",
    "attributes": {
      "hasPriceAdvantageDeal": false,
      "gender": "unisex",
      "StockOverrideMessage": "STOCK_COMING_SOON",
      "key_features": "travel-size",
      "ProductReviewFlag": "1",
      "parentCategory_UK": "33071"
    },
    "variants": {
      "colours": [],
      "hasColours": false,
      "hasSizes": false
    },
    "categories": [
      [
        {
          "name": "men's",
          "label": "men's"
        },
        {
          "name": "toiletries",
          "label": "toiletries"
        },
        {
          "name": "beauty & skincare",
          "label": "beauty & skincare"
        },
        {
          "name": "fragrance",
          "label": "fragrance"
        },
        {
          "name": "gift",
          "label": "gift"
        },
        {
          "name": "sun & holiday",
          "label": "sun & holiday"
        }
      ],
      [
        {
          "name": "men's toiletries",
          "label": "men's > men's toiletries"
        },
        {
          "name": "men's toiletries",
          "label": "toiletries > men's toiletries"
        },
        {
          "name": "makeup",
          "label": "beauty & skincare > makeup"
        },
        {
          "name": "accessories",
          "label": "beauty & skincare > accessories"
        },
        {
          "name": "perfume",
          "label": "fragrance > perfume"
        },
        {
          "name": "aftershave",
          "label": "fragrance > aftershave"
        },
        {
          "name": "bathroom essentials",
          "label": "toiletries > bathroom essentials"
        },
        {
          "name": "gifts for him",
          "label": "gift > gifts for him"
        },
        {
          "name": "gifts for her",
          "label": "gift > gifts for her"
        },
        {
          "name": "aftershave",
          "label": "men's > aftershave"
        },
        {
          "name": "beauty minis",
          "label": "beauty & skincare > beauty minis"
        },
        {
          "name": "toiletries",
          "label": "sun & holiday > toiletries"
        }
      ],
      [
        {
          "name": "aftershave",
          "label": "toiletries > men's toiletries > aftershave"
        },
        {
          "name": "aftershave",
          "label": "men's > men's toiletries > aftershave"
        },
        {
          "name": "wash bags & organisers",
          "label": "beauty & skincare > makeup > wash bags & organisers"
        },
        {
          "name": "wash bags & organisers",
          "label": "beauty & skincare > accessories > wash bags & organisers"
        },
        {
          "name": "shop all accessories",
          "label": "beauty & skincare > accessories > shop all accessories"
        },
        {
          "name": "all perfumes",
          "label": "fragrance > perfume > all perfumes"
        },
        {
          "name": "all aftershave",
          "label": "fragrance > aftershave > all aftershave"
        },
        {
          "name": "wash bags & organisers",
          "label": "toiletries > bathroom essentials > wash bags & organisers"
        },
        {
          "name": "all aftershave",
          "label": "gift > gifts for him > all aftershave"
        },
        {
          "name": "all perfumes",
          "label": "gift > gifts for her > all perfumes"
        },
        {
          "name": "all aftershave",
          "label": "men's > aftershave > all aftershave"
        }
      ],
      [
        {
          "name": "all aftershave",
          "label": "toiletries > men's toiletries > aftershave > all aftershave"
        },
        {
          "name": "all aftershave",
          "label": "men's > men's toiletries > aftershave > all aftershave"
        }
      ]
    ],
    "reviews": {
      "average": 4.16,
      "count": 64,
      "rounded": 4
    },
    "parent": {
      "product": "1918860",
      "partNumber": "10223030.P",
      "model": "10223030",
      "manufacturerModel": "6793711"
    },
    "images": {
      "thumbnail": "https://boots.scene7.com/is/image/Boots/10223030?wid=45&hei=60&op_sharpen=1"
    },
    "offers": [
      {
        "text": "Save up to 20 percent on selected fragrances"
      }
    ],
    "actions": {},
    "iconUri": "https://boots.scene7.com/is/image/Boots/10223030?op_sharpen=1",
    "title": "Travalo Perfume Pod Refillable Atomiser 5ml - Black",
    "referenceUri": "/travalo-perfume-pod-refillable-atomiser-5ml---black-10223030",
    "canAddToBasket": "yes",
    "opticians": false,
    "inStock": true,
    "expressDelivery": false,
    "hasOtherPromotion": true,
    "channelPromotionalTextMap": {
      "-1": [
        "Save up to 20 percent on selected fragrances"
      ],
      "-6": [
        "Save up to 20 percent on selected fragrances"
      ]
    },
    "adCardPoints": 18
  },
  {
    "_id": {
      "$oid": "65ec108d9884656b92f55787"
    },
    "ppuQuantity": "50ML",
    "pricing": {
      "perUnit": "£142.40 per 100ML",
      "regular": {
        "value": 89,
        "currency": "GBP",
        "text": "£89.00"
      },
      "current": {
        "value": 71.2,
        "currency": "GBP",
        "text": "£71.20"
      },
      "saving": {
        "value": 17.8,
        "currency": "GBP",
        "text": "£17.80"
      }
    },
    "objectId": "2929119",
    "brand": "Hugo Boss",
    "attributes": {
      "fragrance_scent": "amber",
      "product_type": "body spray",
      "size": "41-50",
      "StockOverrideMessage": "STOCK_COMING_SOON",
      "gender": "mens",
      "fragrance_type": "parfum",
      "format": "spray",
      "hasPriceAdvantageDeal": false,
      "ProductReviewFlag": "1"
    },
    "variants": {
      "colours": [],
      "hasColours": false,
      "hasSizes": false
    },
    "categories": [
      [
        {
          "name": "fragrance",
          "label": "fragrance"
        },
        {
          "name": "toiletries",
          "label": "toiletries"
        },
        {
          "name": "men's",
          "label": "men's"
        },
        {
          "name": "gift",
          "label": "gift"
        },
        {
          "name": "new in",
          "label": "new in"
        }
      ],
      [
        {
          "name": "men's toiletries",
          "label": "toiletries > men's toiletries"
        },
        {
          "name": "men's toiletries",
          "label": "men's > men's toiletries"
        },
        {
          "name": "perfume",
          "label": "fragrance > perfume"
        },
        {
          "name": "aftershave",
          "label": "fragrance > aftershave"
        },
        {
          "name": "gifts for him",
          "label": "gift > gifts for him"
        },
        {
          "name": "gifts for her",
          "label": "gift > gifts for her"
        },
        {
          "name": "aftershave",
          "label": "men's > aftershave"
        },
        {
          "name": "luxury fragrance",
          "label": "fragrance > luxury fragrance"
        },
        {
          "name": "new in fragrance",
          "label": "fragrance > new in fragrance"
        },
        {
          "name": "elixir fragrances",
          "label": "fragrance > elixir fragrances"
        },
        {
          "name": "new in fragrance",
          "label": "new in > new in fragrance"
        }
      ],
      [
        {
          "name": "aftershave",
          "label": "toiletries > men's toiletries > aftershave"
        },
        {
          "name": "aftershave",
          "label": "men's > men's toiletries > aftershave"
        },
        {
          "name": "solid perfume",
          "label": "fragrance > perfume > solid perfume"
        },
        {
          "name": "all perfumes",
          "label": "fragrance > perfume > all perfumes"
        },
        {
          "name": "all aftershave",
          "label": "fragrance > aftershave > all aftershave"
        },
        {
          "name": "all aftershave",
          "label": "gift > gifts for him > all aftershave"
        },
        {
          "name": "all perfumes",
          "label": "gift > gifts for her > all perfumes"
        },
        {
          "name": "all aftershave",
          "label": "men's > aftershave > all aftershave"
        }
      ],
      [
        {
          "name": "all aftershave",
          "label": "toiletries > men's toiletries > aftershave > all aftershave"
        },
        {
          "name": "all aftershave",
          "label": "men's > men's toiletries > aftershave > all aftershave"
        }
      ]
    ],
    "reviews": {
      "average": 4.85,
      "count": 128,
      "rounded": 4
    },
    "parent": {
      "product": "2929118",
      "partNumber": "10339722.P",
      "model": "10339722",
      "manufacturerModel": "2219018"
    },
    "images": {
      "thumbnail": "https://boots.scene7.com/is/image/Boots/10339722?wid=45&hei=60&op_sharpen=1"
    },
    "offers": [
      {
        "text": "Free gift when you buy selected Hugo Boss fragrance - online only, whilst stocks last"
      },
      {
        "text": "Save up to 20 percent on selected fragrances"
      }
    ],
    "actions": {},
    "iconUri": "https://boots.scene7.com/is/image/Boots/10339722?op_sharpen=1",
    "title": "BOSS The Scent for Him Elixir Parfum Intense 50ml ",
    "referenceUri": "/boss-the-scent-for-him-elixir-parfum-intense-50ml-10339722",
    "canAddToBasket": "yes",
    "opticians": false,
    "inStock": true,
    "expressDelivery": false,
    "hasOtherPromotion": true,
    "channelPromotionalTextMap": {
      "-1": [
        "Free gift when you buy selected Hugo Boss fragrance - online only, whilst stocks last",
        "Save up to 20 percent on selected fragrances"
      ],
      "-6": [
        "Free gift when you buy selected Hugo Boss fragrance - online only, whilst stocks last",
        "Save up to 20 percent on selected fragrances"
      ]
    },
    "adCardPoints": 213
  },
  {
    "_id": {
      "$oid": "65ec108d9884656b92f55788"
    },
    "ppuQuantity": "30ML",
    "pricing": {
      "perUnit": "£189.83 per 100ML",
      "regular": {
        "value": 67,
        "currency": "GBP",
        "text": "£67.00"
      },
      "current": {
        "value": 56.95,
        "currency": "GBP",
        "text": "£56.95"
      },
      "saving": {
        "value": 10.05,
        "currency": "GBP",
        "text": "£10.05"
      }
    },
    "objectId": "2513013",
    "brand": "Mugler",
    "attributes": {
      "fragrance_scent": [
        "woody",
        "floral",
        "jasmine"
      ],
      "StockOverrideMessage": "STOCK_COMING_SOON",
      "size": "21-30",
      "gender": "womens",
      "recipient": "gifts for women",
      "fragrance_type": "eau de parfum",
      "hasPriceAdvantageDeal": false,
      "Reporting_Category": "fragrance",
      "gift_type": "fragrance gifts",
      "ProductReviewFlag": "1"
    },
    "variants": {
      "colours": [],
      "hasColours": false,
      "hasSizes": false
    },
    "categories": [
      [
        {
          "name": "gift",
          "label": "gift"
        },
        {
          "name": "fragrance",
          "label": "fragrance"
        },
        {
          "name": "wellness",
          "label": "wellness"
        }
      ],
      [
        {
          "name": "gifts for her",
          "label": "gift > gifts for her"
        },
        {
          "name": "perfume",
          "label": "fragrance > perfume"
        },
        {
          "name": "sustainability at Boots",
          "label": "wellness > sustainability at Boots"
        },
        {
          "name": "5* rated perfumes & aftershaves",
          "label": "fragrance > 5* rated perfumes & aftershaves"
        }
      ],
      [
        {
          "name": "all perfumes",
          "label": "fragrance > perfume > all perfumes"
        },
        {
          "name": "floral perfume",
          "label": "fragrance > perfume > floral perfume"
        },
        {
          "name": "perfume refill bottles",
          "label": "fragrance > perfume > perfume refill bottles"
        },
        {
          "name": "all perfumes",
          "label": "gift > gifts for her > all perfumes"
        },
        {
          "name": "reuse ready",
          "label": "wellness > sustainability at Boots > reuse ready"
        }
      ]
    ],
    "reviews": {
      "average": 4.77,
      "count": 1773,
      "rounded": 4
    },
    "parent": {
      "product": "2513012",
      "partNumber": "10292978.P",
      "model": "10292978",
      "manufacturerModel": "3028496"
    },
    "images": {
      "thumbnail": "https://boots.scene7.com/is/image/Boots/10292978?wid=45&hei=60&op_sharpen=1"
    },
    "offers": [
      {
        "text": "Save up to 20 percent on selected fragrances"
      }
    ],
    "actions": {},
    "iconUri": "https://boots.scene7.com/is/image/Boots/10292978?op_sharpen=1",
    "title": "MUGLER Alien Refillable Eau de Parfum 30ml",
    "referenceUri": "/mugler-alien-eau-de-parfum-refillable-spray-30ml-10292978",
    "canAddToBasket": "yes",
    "opticians": false,
    "inStock": true,
    "expressDelivery": false,
    "hasOtherPromotion": true,
    "channelPromotionalTextMap": {
      "-1": [
        "Save up to 20 percent on selected fragrances"
      ],
      "-6": [
        "Save up to 20 percent on selected fragrances"
      ]
    },
    "adCardPoints": 168
  },
  {
    "_id": {
      "$oid": "65ec108d9884656b92f55789"
    },
    "ppuQuantity": "30ML",
    "pricing": {
      "perUnit": "£181.33 per 100ML",
      "regular": {
        "value": 68,
        "currency": "GBP",
        "text": "£68.00"
      },
      "current": {
        "value": 54.4,
        "currency": "GBP",
        "text": "£54.40"
      },
      "saving": {
        "value": 13.6,
        "currency": "GBP",
        "text": "£13.60"
      }
    },
    "objectId": "2849623",
    "brand": "Burberry",
    "attributes": {
      "fragrance_scent": [
        "amber",
        "vanilla",
        "aromatic"
      ],
      "product_type": "perfume",
      "gender": "womens",
      "StockOverrideMessage": "STOCK_COMING_SOON",
      "size": "21-30",
      "fragrance_type": "eau de parfum",
      "format": "spray",
      "hasPriceAdvantageDeal": false,
      "ProductReviewFlag": "1"
    },
    "variants": {
      "colours": [],
      "hasColours": false,
      "hasSizes": false
    },
    "categories": [
      [
        {
          "name": "fragrance",
          "label": "fragrance"
        },
        {
          "name": "gift",
          "label": "gift"
        },
        {
          "name": "mother's day",
          "label": "mother's day"
        },
        {
          "name": "new in",
          "label": "new in"
        }
      ],
      [
        {
          "name": "perfume",
          "label": "fragrance > perfume"
        },
        {
          "name": "gifts for her",
          "label": "gift > gifts for her"
        },
        {
          "name": "luxury fragrance",
          "label": "fragrance > luxury fragrance"
        },
        {
          "name": "new in fragrance",
          "label": "fragrance > new in fragrance"
        },
        {
          "name": "shop all",
          "label": "mother's day > shop all"
        },
        {
          "name": "new in fragrance",
          "label": "new in > new in fragrance"
        }
      ],
      [
        {
          "name": "all perfumes",
          "label": "fragrance > perfume > all perfumes"
        },
        {
          "name": "vanilla perfume",
          "label": "fragrance > perfume > vanilla perfume"
        },
        {
          "name": "amber perfume",
          "label": "fragrance > perfume > amber perfume"
        },
        {
          "name": "all perfumes",
          "label": "gift > gifts for her > all perfumes"
        }
      ]
    ],
    "reviews": {
      "average": 4.71,
      "count": 1074,
      "rounded": 4
    },
    "parent": {
      "product": "2849622",
      "partNumber": "10330193.P",
      "model": "10330193",
      "manufacturerModel": "5709504"
    },
    "images": {
      "thumbnail": "https://boots.scene7.com/is/image/Boots/10330193?wid=45&hei=60&op_sharpen=1"
    },
    "offers": [
      {
        "text": "Save up to 20 percent on selected fragrances"
      }
    ],
    "actions": {},
    "iconUri": "https://boots.scene7.com/is/image/Boots/10330193?op_sharpen=1",
    "title": "Burberry Goddess for Women Eau de Parfum 30ml",
    "referenceUri": "/Burberry-Goddess-for-Women-Eau-de-Parfum-30ml-10330193",
    "canAddToBasket": "yes",
    "opticians": false,
    "inStock": true,
    "expressDelivery": false,
    "hasOtherPromotion": true,
    "channelPromotionalTextMap": {
      "-1": [
        "Save up to 20 percent on selected fragrances"
      ],
      "-6": [
        "Save up to 20 percent on selected fragrances"
      ]
    },
    "adCardPoints": 162
  },
  {
    "_id": {
      "$oid": "65ec108d9884656b92f5578a"
    },
    "ppuQuantity": "30ML",
    "pricing": {
      "perUnit": "£44.43 per 100ML",
      "regular": {
        "value": 20,
        "currency": "GBP",
        "text": "£20.00"
      },
      "current": {
        "value": 13.33,
        "currency": "GBP",
        "text": "£13.33"
      },
      "saving": {
        "value": 6.67,
        "currency": "GBP",
        "text": "£6.67"
      }
    },
    "objectId": "2733194",
    "brand": "Ted Baker",
    "attributes": {
      "fragrance_scent": "floral",
      "size": "21-30",
      "gender": "womens",
      "StockOverrideMessage": "SOLD_OUT",
      "fragrance_type": "eau de toilette",
      "hasPriceAdvantageDeal": false,
      "ProductReviewFlag": "1"
    },
    "variants": {
      "colours": [],
      "hasColours": false,
      "hasSizes": false
    },
    "categories": [
      [
        {
          "name": "fragrance",
          "label": "fragrance"
        },
        {
          "name": "gift",
          "label": "gift"
        }
      ],
      [
        {
          "name": "5* rated perfumes & aftershaves",
          "label": "fragrance > 5* rated perfumes & aftershaves"
        },
        {
          "name": "perfume",
          "label": "fragrance > perfume"
        },
        {
          "name": "fragrance offers",
          "label": "fragrance > fragrance offers"
        },
        {
          "name": "gifts for her",
          "label": "gift > gifts for her"
        },
        {
          "name": "brands",
          "label": "fragrance > brands"
        }
      ],
      [
        {
          "name": "all perfumes",
          "label": "fragrance > perfume > all perfumes"
        },
        {
          "name": "save up to half price",
          "label": "fragrance > fragrance offers > save up to half price"
        },
        {
          "name": "all perfumes",
          "label": "gift > gifts for her > all perfumes"
        }
      ]
    ],
    "reviews": {
      "average": 4.42,
      "count": 19,
      "rounded": 4
    },
    "parent": {
      "product": "2733193",
      "partNumber": "10318984.P",
      "model": "10318984",
      "manufacturerModel": "4345584"
    },
    "images": {
      "thumbnail": "https://boots.scene7.com/is/image/Boots/10318984?wid=45&hei=60&op_sharpen=1"
    },
    "offers": [
      {
        "text": "Save up to 1/2 price on selected fragrances"
      }
    ],
    "actions": {},
    "iconUri": "https://boots.scene7.com/is/image/Boots/10318984?op_sharpen=1",
    "title": "Ted Baker Floret Polly Eau de Toilette 30ml",
    "referenceUri": "/ted-baker-floret-polly-eau-de-toilette-30ml-10318984p",
    "canAddToBasket": "yes",
    "opticians": false,
    "inStock": true,
    "expressDelivery": false,
    "hasOtherPromotion": true,
    "channelPromotionalTextMap": {
      "-1": [
        "Save up to 1/2 price on selected fragrances"
      ],
      "-6": [
        "Save up to 1/2 price on selected fragrances"
      ]
    },
    "adCardPoints": 39
  },
  {
    "_id": {
      "$oid": "65ec108d9884656b92f5578b"
    },
    "ppuQuantity": "50ML",
    "pricing": {
      "perUnit": "£118.50 per 100ML",
      "regular": {
        "value": 79,
        "currency": "GBP",
        "text": "£79.00"
      },
      "current": {
        "value": 59.25,
        "currency": "GBP",
        "text": "£59.25"
      },
      "saving": {
        "value": 19.75,
        "currency": "GBP",
        "text": "£19.75"
      }
    },
    "objectId": "2580093",
    "brand": "Kayali",
    "attributes": {
      "fragrance_scent": [
        "woody",
        "vanilla"
      ],
      "StockOverrideMessage": "STOCK_COMING_SOON",
      "size": "41-50",
      "fragrance_type": "eau de parfum",
      "hasPriceAdvantageDeal": false,
      "Reporting_Category": "fragrance",
      "ProductReviewFlag": "1"
    },
    "variants": {
      "colours": [],
      "hasColours": false,
      "hasSizes": false
    },
    "categories": [
      [
        {
          "name": "gift",
          "label": "gift"
        },
        {
          "name": "beauty & skincare",
          "label": "beauty & skincare"
        },
        {
          "name": "fragrance",
          "label": "fragrance"
        }
      ],
      [
        {
          "name": "Eid gifts",
          "label": "gift > Eid gifts"
        },
        {
          "name": "premium beauty & skincare",
          "label": "beauty & skincare > premium beauty & skincare"
        },
        {
          "name": "perfume",
          "label": "fragrance > perfume"
        },
        {
          "name": "gifts for her",
          "label": "gift > gifts for her"
        }
      ],
      [
        {
          "name": "save up to 25% across selected premium beauty and No7",
          "label": "beauty & skincare > premium beauty & skincare > save up to 25% across selected premium beauty and No7"
        },
        {
          "name": "all perfumes",
          "label": "fragrance > perfume > all perfumes"
        },
        {
          "name": "vanilla perfume",
          "label": "fragrance > perfume > vanilla perfume"
        },
        {
          "name": "all perfumes",
          "label": "gift > gifts for her > all perfumes"
        }
      ]
    ],
    "reviews": {
      "average": 4.16,
      "count": 32,
      "rounded": 4
    },
    "parent": {
      "product": "2580092",
      "partNumber": "10299789.P",
      "model": "10299789",
      "manufacturerModel": "4917839"
    },
    "images": {
      "thumbnail": "https://boots.scene7.com/is/image/Boots/10299789?wid=45&hei=60&op_sharpen=1"
    },
    "offers": [
      {
        "text": "Save up to 25 percent across selected Premium Beauty"
      }
    ],
    "actions": {},
    "iconUri": "https://boots.scene7.com/is/image/Boots/10299789?op_sharpen=1",
    "title": "Kayali Invite Only Amber 23 Eau de Parfum Intense 50ml",
    "referenceUri": "/kayali-invite-only-amber-23-eau-de-parfum-intense-50ml-10299789",
    "canAddToBasket": "yes",
    "opticians": false,
    "inStock": true,
    "expressDelivery": false,
    "hasOtherPromotion": true,
    "channelPromotionalTextMap": {
      "-1": [
        "Save up to 25 percent across selected Premium Beauty"
      ],
      "-6": [
        "Save up to 25 percent across selected Premium Beauty"
      ]
    },
    "adCardPoints": 177
  },
  {
    "_id": {
      "$oid": "65ec108d9884656b92f5578c"
    },
    "ppuQuantity": "50ML",
    "pricing": {
      "perUnit": "£93.32 per 100ML",
      "regular": {
        "value": 70,
        "currency": "GBP",
        "text": "£70.00"
      },
      "current": {
        "value": 46.66,
        "currency": "GBP",
        "text": "£46.66"
      },
      "saving": {
        "value": 23.34,
        "currency": "GBP",
        "text": "£23.34"
      }
    },
    "objectId": "3907",
    "brand": "Estee Lauder",
    "attributes": {
      "fragrance_scent": [
        "woody",
        "floral"
      ],
      "size": "41-50",
      "StockOverrideMessage": "STOCK_COMING_SOON",
      "gender": "womens",
      "parentCategory_UK": "33071",
      "fragrance_type": "eau de parfum",
      "hasPriceAdvantageDeal": false,
      "Reporting_Category": "fragrance",
      "gift_type": "fragrance gifts",
      "ProductReviewFlag": "1"
    },
    "variants": {
      "colours": [],
      "hasColours": false,
      "hasSizes": false
    },
    "categories": [
      [
        {
          "name": "mother's day",
          "label": "mother's day"
        },
        {
          "name": "fragrance",
          "label": "fragrance"
        },
        {
          "name": "gift",
          "label": "gift"
        }
      ],
      [
        {
          "name": "shop all",
          "label": "mother's day > shop all"
        },
        {
          "name": "perfume",
          "label": "fragrance > perfume"
        },
        {
          "name": "fragrance offers",
          "label": "fragrance > fragrance offers"
        },
        {
          "name": "gifts for her",
          "label": "gift > gifts for her"
        }
      ],
      [
        {
          "name": "all perfumes",
          "label": "fragrance > perfume > all perfumes"
        },
        {
          "name": "floral perfume",
          "label": "fragrance > perfume > floral perfume"
        },
        {
          "name": "save up to half price",
          "label": "fragrance > fragrance offers > save up to half price"
        },
        {
          "name": "all perfumes",
          "label": "gift > gifts for her > all perfumes"
        }
      ]
    ],
    "reviews": {
      "average": 4.85,
      "count": 398,
      "rounded": 4
    },
    "parent": {
      "product": "3906",
      "partNumber": "10013676.P",
      "model": "10013676",
      "manufacturerModel": "2790246"
    },
    "images": {
      "thumbnail": "https://boots.scene7.com/is/image/Boots/10013676?wid=45&hei=60&op_sharpen=1"
    },
    "offers": [
      {
        "text": "Save 1/3 on selected Estee Lauder fragrances - online only, while stocks last"
      }
    ],
    "actions": {},
    "iconUri": "https://boots.scene7.com/is/image/Boots/10013676?op_sharpen=1",
    "title": "Estée Lauder Pleasures Eau de Parfum Spray 50ml",
    "referenceUri": "/estee-lauder-pleasures-eau-de-parfum-spray-50ml-10013676",
    "canAddToBasket": "yes",
    "opticians": false,
    "inStock": true,
    "expressDelivery": false,
    "hasOtherPromotion": true,
    "channelPromotionalTextMap": {
      "-1": [
        "Save 1/3 on selected Estee Lauder fragrances - online only, while stocks last"
      ],
      "-6": [
        "Save 1/3 on selected Estee Lauder fragrances - online only, while stocks last"
      ]
    },
    "adCardPoints": 138
  },
  {
    "_id": {
      "$oid": "65ec108d9884656b92f5578d"
    },
    "ppuQuantity": "100ML",
    "pricing": {
      "perUnit": "£93.50 per 100ML",
      "regular": {
        "value": 110,
        "currency": "GBP",
        "text": "£110.00"
      },
      "current": {
        "value": 93.5,
        "currency": "GBP",
        "text": "£93.50"
      },
      "saving": {
        "value": 16.5,
        "currency": "GBP",
        "text": "£16.50"
      }
    },
    "objectId": "2513007",
    "brand": "Mugler",
    "attributes": {
      "fragrance_scent": [
        "fruity",
        "amber",
        "vanilla"
      ],
      "StockOverrideMessage": "STOCK_COMING_SOON",
      "size": "71-100",
      "gender": "womens",
      "recipient": "gifts for women",
      "fragrance_type": "eau de parfum",
      "hasPriceAdvantageDeal": false,
      "Reporting_Category": "fragrance",
      "gift_type": "fragrance gifts",
      "ProductReviewFlag": "1"
    },
    "variants": {
      "colours": [],
      "hasColours": false,
      "hasSizes": false
    },
    "categories": [
      [
        {
          "name": "gift",
          "label": "gift"
        },
        {
          "name": "fragrance",
          "label": "fragrance"
        }
      ],
      [
        {
          "name": "gifts for her",
          "label": "gift > gifts for her"
        },
        {
          "name": "perfume",
          "label": "fragrance > perfume"
        },
        {
          "name": "fragrance offers",
          "label": "fragrance > fragrance offers"
        },
        {
          "name": "5* rated perfumes & aftershaves",
          "label": "fragrance > 5* rated perfumes & aftershaves"
        }
      ],
      [
        {
          "name": "all perfumes",
          "label": "fragrance > perfume > all perfumes"
        },
        {
          "name": "vanilla perfume",
          "label": "fragrance > perfume > vanilla perfume"
        },
        {
          "name": "amber perfume",
          "label": "fragrance > perfume > amber perfume"
        },
        {
          "name": "perfume refill bottles",
          "label": "fragrance > perfume > perfume refill bottles"
        },
        {
          "name": "personalise your perfect gift",
          "label": "fragrance > fragrance offers > personalise your perfect gift"
        },
        {
          "name": "all perfumes",
          "label": "gift > gifts for her > all perfumes"
        }
      ]
    ],
    "reviews": {
      "average": 4.77,
      "count": 167,
      "rounded": 4
    },
    "parent": {
      "product": "2513006",
      "partNumber": "10292975.P",
      "model": "10292975",
      "manufacturerModel": "3027899"
    },
    "images": {
      "thumbnail": "https://boots.scene7.com/is/image/Boots/10292975?wid=45&hei=60&op_sharpen=1"
    },
    "offers": [
      {
        "text": "Save up to 20 percent on selected fragrances"
      }
    ],
    "actions": {},
    "iconUri": "https://boots.scene7.com/is/image/Boots/10292975?op_sharpen=1",
    "title": "MUGLER Angel Eau de Parfum Refill Bottle 100ml",
    "referenceUri": "/mugler-angel-eau-de-parfum-100ml-refill-bottle-10292975",
    "canAddToBasket": "yes",
    "opticians": false,
    "inStock": true,
    "expressDelivery": false,
    "hasOtherPromotion": true,
    "channelPromotionalTextMap": {
      "-1": [
        "Save up to 20 percent on selected fragrances"
      ],
      "-6": [
        "Save up to 20 percent on selected fragrances"
      ]
    },
    "adCardPoints": 279
  },
  {
    "_id": {
      "$oid": "65ec108d9884656b92f5578e"
    },
    "ppuQuantity": "100ML",
    "pricing": {
      "perUnit": "£98.40 per 100ML",
      "regular": {
        "value": 123,
        "currency": "GBP",
        "text": "£123.00"
      },
      "current": {
        "value": 98.4,
        "currency": "GBP",
        "text": "£98.40"
      },
      "saving": {
        "value": 24.6,
        "currency": "GBP",
        "text": "£24.60"
      }
    },
    "objectId": "2721635",
    "brand": "Chloe",
    "attributes": {
      "fragrance_scent": [
        "woody",
        "floral"
      ],
      "fragrance_type": "eau de parfum",
      "hasPriceAdvantageDeal": false,
      "StockOverrideMessage": "STOCK_COMING_SOON",
      "ProductReviewFlag": "1"
    },
    "variants": {
      "colours": [],
      "hasColours": false,
      "hasSizes": false
    },
    "categories": [
      [
        {
          "name": "gift",
          "label": "gift"
        },
        {
          "name": "fragrance",
          "label": "fragrance"
        }
      ],
      [
        {
          "name": "gifts for her",
          "label": "gift > gifts for her"
        },
        {
          "name": "perfume",
          "label": "fragrance > perfume"
        }
      ],
      [
        {
          "name": "all perfumes",
          "label": "gift > gifts for her > all perfumes"
        },
        {
          "name": "all perfumes",
          "label": "fragrance > perfume > all perfumes"
        },
        {
          "name": "floral perfume",
          "label": "fragrance > perfume > floral perfume"
        },
        {
          "name": "perfume refill bottles",
          "label": "fragrance > perfume > perfume refill bottles"
        }
      ]
    ],
    "reviews": {
      "average": 4.42,
      "count": 1349,
      "rounded": 4
    },
    "parent": {
      "product": "2721634",
      "partNumber": "10317500.P",
      "model": "10317500",
      "manufacturerModel": "4154487"
    },
    "images": {
      "thumbnail": "https://boots.scene7.com/is/image/Boots/10317500?wid=45&hei=60&op_sharpen=1"
    },
    "offers": [
      {
        "text": "Free gift when you buy selected Chloe fragrances - while stocks last"
      },
      {
        "text": "Free gift when you buy selected Chloe fragrance - online only, whilst stocks last"
      },
      {
        "text": "Save up to 20 percent on selected fragrances"
      }
    ],
    "actions": {},
    "iconUri": "https://boots.scene7.com/is/image/Boots/10317500?op_sharpen=1",
    "title": "Chloé Eau de Parfum for Women Refillable 100ml",
    "referenceUri": "/chloe-signature-100ml-edp-refillable-10317500",
    "canAddToBasket": "yes",
    "opticians": false,
    "inStock": true,
    "expressDelivery": false,
    "hasOtherPromotion": true,
    "channelPromotionalTextMap": {
      "-1": [
        "Free gift when you buy selected Chloe fragrances - while stocks last",
        "Free gift when you buy selected Chloe fragrance - online only, whilst stocks last",
        "Save up to 20 percent on selected fragrances"
      ],
      "-6": [
        "Free gift when you buy selected Chloe fragrances - while stocks last",
        "Free gift when you buy selected Chloe fragrance - online only, whilst stocks last",
        "Save up to 20 percent on selected fragrances"
      ]
    },
    "adCardPoints": 294
  },
  {
    "_id": {
      "$oid": "65ec108d9884656b92f5578f"
    },
    "ppuQuantity": "30ML",
    "pricing": {
      "perUnit": "£212.50 per 100ML",
      "regular": {
        "value": 75,
        "currency": "GBP",
        "text": "£75.00"
      },
      "current": {
        "value": 63.75,
        "currency": "GBP",
        "text": "£63.75"
      },
      "saving": {
        "value": 11.25,
        "currency": "GBP",
        "text": "£11.25"
      }
    },
    "objectId": "2859593",
    "brand": "Prada",
    "attributes": {
      "fragrance_scent": [
        "vanilla",
        "amber",
        "jasmine",
        "floral"
      ],
      "StockOverrideMessage": "STOCK_COMING_SOON",
      "gender": "womens",
      "size": "21-30",
      "format": "spray",
      "fragrance_type": "eau de parfum",
      "hasPriceAdvantageDeal": false,
      "ProductReviewFlag": "1"
    },
    "variants": {
      "colours": [],
      "hasColours": false,
      "hasSizes": false
    },
    "categories": [
      [
        {
          "name": "new in",
          "label": "new in"
        },
        {
          "name": "fragrance",
          "label": "fragrance"
        },
        {
          "name": "gift",
          "label": "gift"
        }
      ],
      [
        {
          "name": "perfume",
          "label": "fragrance > perfume"
        },
        {
          "name": "gifts for her",
          "label": "gift > gifts for her"
        },
        {
          "name": "luxury fragrance",
          "label": "fragrance > luxury fragrance"
        },
        {
          "name": "new in fragrance",
          "label": "fragrance > new in fragrance"
        },
        {
          "name": "new in fragrance",
          "label": "new in > new in fragrance"
        }
      ],
      [
        {
          "name": "all perfumes",
          "label": "fragrance > perfume > all perfumes"
        },
        {
          "name": "vanilla perfume",
          "label": "fragrance > perfume > vanilla perfume"
        },
        {
          "name": "floral perfume",
          "label": "fragrance > perfume > floral perfume"
        },
        {
          "name": "amber perfume",
          "label": "fragrance > perfume > amber perfume"
        },
        {
          "name": "all perfumes",
          "label": "gift > gifts for her > all perfumes"
        }
      ]
    ],
    "reviews": {
      "average": 4.75,
      "count": 3387,
      "rounded": 4
    },
    "parent": {
      "product": "2859592",
      "partNumber": "10331513.P",
      "model": "10331513",
      "manufacturerModel": "5733006"
    },
    "images": {
      "thumbnail": "https://boots.scene7.com/is/image/Boots/10331513?wid=45&hei=60&op_sharpen=1"
    },
    "offers": [
      {
        "text": "Save up to 20 percent on selected fragrances"
      }
    ],
    "actions": {},
    "iconUri": "https://boots.scene7.com/is/image/Boots/10331513?op_sharpen=1",
    "title": "Prada Paradoxe Intense Eau de Parfum 30ml",
    "referenceUri": "/Prada-Paradoxe-Intense-Eau-de-Parfum-30ml-10331513",
    "canAddToBasket": "yes",
    "opticians": false,
    "inStock": true,
    "expressDelivery": false,
    "hasOtherPromotion": true,
    "channelPromotionalTextMap": {
      "-1": [
        "Save up to 20 percent on selected fragrances"
      ],
      "-6": [
        "Save up to 20 percent on selected fragrances"
      ]
    },
    "adCardPoints": 189
  },
  {
    "_id": {
      "$oid": "65ec108d9884656b92f55790"
    },
    "ppuQuantity": "30ML",
    "pricing": {
      "perUnit": "£152.43 per 100ML",
      "regular": {
        "value": 53.8,
        "currency": "GBP",
        "text": "£53.80"
      },
      "current": {
        "value": 45.73,
        "currency": "GBP",
        "text": "£45.73"
      },
      "saving": {
        "value": 8.07,
        "currency": "GBP",
        "text": "£8.07"
      }
    },
    "objectId": "2168424",
    "brand": "Jean Paul Gaultier",
    "attributes": {
      "fragrance_scent": [
        "fruity",
        "vanilla"
      ],
      "StockOverrideMessage": "STOCK_COMING_SOON",
      "gender": "womens",
      "size": "21-30",
      "fragrance_type": "eau de toilette",
      "hasPriceAdvantageDeal": false,
      "Reporting_Category": "fragrance",
      "ProductReviewFlag": "1"
    },
    "variants": {
      "colours": [],
      "hasColours": false,
      "hasSizes": false
    },
    "categories": [
      [
        {
          "name": "fragrance",
          "label": "fragrance"
        },
        {
          "name": "gift",
          "label": "gift"
        }
      ],
      [
        {
          "name": "5* rated perfumes & aftershaves",
          "label": "fragrance > 5* rated perfumes & aftershaves"
        },
        {
          "name": "perfume",
          "label": "fragrance > perfume"
        },
        {
          "name": "gifts for her",
          "label": "gift > gifts for her"
        }
      ],
      [
        {
          "name": "all perfumes",
          "label": "fragrance > perfume > all perfumes"
        },
        {
          "name": "vanilla perfume",
          "label": "fragrance > perfume > vanilla perfume"
        },
        {
          "name": "all perfumes",
          "label": "gift > gifts for her > all perfumes"
        }
      ]
    ],
    "reviews": {
      "average": 4.82,
      "count": 130,
      "rounded": 4
    },
    "parent": {
      "product": "2168423",
      "partNumber": "10254190.P",
      "model": "10254190",
      "manufacturerModel": "8258910"
    },
    "images": {
      "thumbnail": "https://boots.scene7.com/is/image/Boots/10254190?wid=45&hei=60&op_sharpen=1"
    },
    "offers": [
      {
        "text": "Save up to 20 percent on selected fragrances"
      }
    ],
    "actions": {},
    "iconUri": "https://boots.scene7.com/is/image/Boots/10254190?op_sharpen=1",
    "title": "Jean Paul Gaultier Classique for Women Eau de Toilette 30ml",
    "referenceUri": "/jean-paul-gaultier-classique-eau-de-toilette-30ml-10254190",
    "canAddToBasket": "yes",
    "opticians": false,
    "inStock": true,
    "expressDelivery": false,
    "hasOtherPromotion": true,
    "channelPromotionalTextMap": {
      "-1": [
        "Save up to 20 percent on selected fragrances"
      ],
      "-6": [
        "Save up to 20 percent on selected fragrances"
      ]
    },
    "adCardPoints": 135
  },
  {
    "_id": {
      "$oid": "65ec108d9884656b92f55791"
    },
    "ppuQuantity": "50ML",
    "pricing": {
      "perUnit": "£80.00 per 100ML",
      "regular": {
        "value": 60,
        "currency": "GBP",
        "text": "£60.00"
      },
      "current": {
        "value": 40,
        "currency": "GBP",
        "text": "£40.00"
      },
      "saving": {
        "value": 20,
        "currency": "GBP",
        "text": "£20.00"
      }
    },
    "objectId": "20272",
    "brand": "Calvin Klein",
    "attributes": {
      "fragrance_scent": [
        "amber",
        "woody",
        "floral"
      ],
      "gender": "womens",
      "StockOverrideMessage": "STOCK_COMING_SOON",
      "size": "41-50",
      "parentCategory_UK": "33071",
      "fragrance_type": "eau de parfum",
      "hasPriceAdvantageDeal": false,
      "Reporting_Category": "fragrance",
      "ProductReviewFlag": "1"
    },
    "variants": {
      "colours": [],
      "hasColours": false,
      "hasSizes": false
    },
    "categories": [
      [
        {
          "name": "fragrance",
          "label": "fragrance"
        },
        {
          "name": "gift",
          "label": "gift"
        }
      ],
      [
        {
          "name": "5* rated perfumes & aftershaves",
          "label": "fragrance > 5* rated perfumes & aftershaves"
        },
        {
          "name": "perfume",
          "label": "fragrance > perfume"
        },
        {
          "name": "fragrance offers",
          "label": "fragrance > fragrance offers"
        },
        {
          "name": "gifts for her",
          "label": "gift > gifts for her"
        }
      ],
      [
        {
          "name": "all perfumes",
          "label": "fragrance > perfume > all perfumes"
        },
        {
          "name": "floral perfume",
          "label": "fragrance > perfume > floral perfume"
        },
        {
          "name": "amber perfume",
          "label": "fragrance > perfume > amber perfume"
        },
        {
          "name": "save up to half price",
          "label": "fragrance > fragrance offers > save up to half price"
        },
        {
          "name": "save up to 60 percent",
          "label": "fragrance > fragrance offers > save up to 60 percent"
        },
        {
          "name": "all perfumes",
          "label": "gift > gifts for her > all perfumes"
        }
      ]
    ],
    "reviews": {
      "average": 4.69,
      "count": 1237,
      "rounded": 4
    },
    "parent": {
      "product": "20271",
      "partNumber": "10048611.P",
      "model": "10048611",
      "manufacturerModel": "2885409"
    },
    "images": {
      "thumbnail": "https://boots.scene7.com/is/image/Boots/10048611?wid=45&hei=60&op_sharpen=1"
    },
    "offers": [
      {
        "text": "Save up to 1/2 price on selected fragrances"
      }
    ],
    "actions": {},
    "iconUri": "https://boots.scene7.com/is/image/Boots/10048611?op_sharpen=1",
    "title": "Calvin Klein Euphoria for Women Eau de Parfum 50ml",
    "referenceUri": "/calvin-klein-euphoria-eau-de-parfum-50ml-10048611",
    "canAddToBasket": "yes",
    "opticians": false,
    "inStock": true,
    "expressDelivery": false,
    "hasOtherPromotion": true,
    "channelPromotionalTextMap": {
      "-1": [
        "Save up to 1/2 price on selected fragrances"
      ],
      "-6": [
        "Save up to 1/2 price on selected fragrances"
      ]
    },
    "adCardPoints": 120
  },
  {
    "_id": {
      "$oid": "65ec108d9884656b92f55792"
    },
    "ppuQuantity": "50ML",
    "pricing": {
      "perUnit": "£151.30 per 100ML",
      "regular": {
        "value": 89,
        "currency": "GBP",
        "text": "£89.00"
      },
      "current": {
        "value": 75.65,
        "currency": "GBP",
        "text": "£75.65"
      },
      "saving": {
        "value": 13.35,
        "currency": "GBP",
        "text": "£13.35"
      }
    },
    "objectId": "2172155",
    "brand": "Christian Dior",
    "attributes": {
      "fragrance_scent": [
        "citrus",
        "fruity",
        "jasmine"
      ],
      "size": "41-50",
      "StockOverrideMessage": "STOCK_COMING_SOON",
      "gender": "womens",
      "fragrance_type": "eau de parfum",
      "hasPriceAdvantageDeal": false,
      "Reporting_Category": "fragrance",
      "ProductReviewFlag": "1"
    },
    "variants": {
      "colours": [],
      "hasColours": false,
      "hasSizes": false
    },
    "categories": [
      [
        {
          "name": "fragrance",
          "label": "fragrance"
        },
        {
          "name": "gift",
          "label": "gift"
        }
      ],
      [
        {
          "name": "luxury fragrance",
          "label": "fragrance > luxury fragrance"
        },
        {
          "name": "perfume",
          "label": "fragrance > perfume"
        },
        {
          "name": "fragrance offers",
          "label": "fragrance > fragrance offers"
        },
        {
          "name": "gifts for her",
          "label": "gift > gifts for her"
        }
      ],
      [
        {
          "name": "all perfumes",
          "label": "fragrance > perfume > all perfumes"
        },
        {
          "name": "Collect £10 worth of points when you spend £60",
          "label": "fragrance > fragrance offers > Collect £10 worth of points when you spend £60"
        },
        {
          "name": "save up to 20% on fragrance",
          "label": "fragrance > fragrance offers > save up to 20% on fragrance"
        },
        {
          "name": "all perfumes",
          "label": "gift > gifts for her > all perfumes"
        }
      ]
    ],
    "reviews": {
      "average": 4.45,
      "count": 287,
      "rounded": 4
    },
    "parent": {
      "product": "2172154",
      "partNumber": "10254746.P",
      "model": "10254746",
      "manufacturerModel": "8292051"
    },
    "images": {
      "thumbnail": "https://boots.scene7.com/is/image/Boots/10254746?wid=45&hei=60&op_sharpen=1"
    },
    "offers": [
      {
        "text": "Save up to 20 percent on selected fragrances"
      }
    ],
    "actions": {},
    "iconUri": "https://boots.scene7.com/is/image/Boots/10254746?op_sharpen=1",
    "title": "JOY BY DIOR Eau de Parfum 50ml",
    "referenceUri": "/joy-by-dior-eau-de-parfum-50ml-10254746",
    "canAddToBasket": "yes",
    "opticians": false,
    "inStock": true,
    "expressDelivery": false,
    "hasOtherPromotion": true,
    "channelPromotionalTextMap": {
      "-1": [
        "Save up to 20 percent on selected fragrances"
      ],
      "-6": [
        "Save up to 20 percent on selected fragrances"
      ]
    },
    "adCardPoints": 225
  },
  {
    "_id": {
      "$oid": "65ec108d9884656b92f55793"
    },
    "ppuQuantity": "50ML",
    "pricing": {
      "perUnit": "£124.00 per 100ML",
      "regular": {
        "value": 77,
        "currency": "GBP",
        "text": "£77.00"
      },
      "current": {
        "value": 62,
        "currency": "GBP",
        "text": "£62.00"
      },
      "saving": {
        "value": 15,
        "currency": "GBP",
        "text": "£15.00"
      }
    },
    "objectId": "2379927",
    "brand": "Kenzo",
    "attributes": {
      "fragrance_scent": [
        "musk",
        "vanilla"
      ],
      "StockOverrideMessage": "STOCK_COMING_SOON",
      "size": "41-50",
      "gender": "womens",
      "fragrance_type": "eau de parfum",
      "format": "spray",
      "hasPriceAdvantageDeal": false,
      "Reporting_Category": "fragrance",
      "gift_type": "fragrance gifts",
      "ProductReviewFlag": "1"
    },
    "variants": {
      "colours": [],
      "hasColours": false,
      "hasSizes": false
    },
    "categories": [
      [
        {
          "name": "fragrance",
          "label": "fragrance"
        },
        {
          "name": "gift",
          "label": "gift"
        }
      ],
      [
        {
          "name": "5* rated perfumes & aftershaves",
          "label": "fragrance > 5* rated perfumes & aftershaves"
        },
        {
          "name": "perfume",
          "label": "fragrance > perfume"
        },
        {
          "name": "fragrance offers",
          "label": "fragrance > fragrance offers"
        },
        {
          "name": "gifts for her",
          "label": "gift > gifts for her"
        }
      ],
      [
        {
          "name": "all perfumes",
          "label": "fragrance > perfume > all perfumes"
        },
        {
          "name": "vanilla perfume",
          "label": "fragrance > perfume > vanilla perfume"
        },
        {
          "name": "musky perfume",
          "label": "fragrance > perfume > musky perfume"
        },
        {
          "name": "save up to half price",
          "label": "fragrance > fragrance offers > save up to half price"
        },
        {
          "name": "all perfumes",
          "label": "gift > gifts for her > all perfumes"
        }
      ]
    ],
    "reviews": {
      "average": 4.12,
      "count": 360,
      "rounded": 4
    },
    "parent": {
      "product": "2379926",
      "partNumber": "10278307.P",
      "model": "10278307",
      "manufacturerModel": "8763682"
    },
    "images": {
      "thumbnail": "https://boots.scene7.com/is/image/Boots/10278307?wid=45&hei=60&op_sharpen=1"
    },
    "offers": [
      {
        "text": "Save up to 1/2 price on selected fragrances"
      }
    ],
    "actions": {},
    "iconUri": "https://boots.scene7.com/is/image/Boots/10278307?op_sharpen=1",
    "title": "Kenzo Flower by Kenzo Eau de Parfum 50ml",
    "referenceUri": "/kenzo-flower-by-kenzo-edp-50ml-10278307",
    "canAddToBasket": "yes",
    "opticians": false,
    "inStock": true,
    "expressDelivery": false,
    "hasOtherPromotion": true,
    "channelPromotionalTextMap": {
      "-1": [
        "Save up to 1/2 price on selected fragrances"
      ],
      "-6": [
        "Save up to 1/2 price on selected fragrances"
      ]
    },
    "adCardPoints": 186
  },
  {
    "_id": {
      "$oid": "65ec108d9884656b92f55794"
    },
    "ppuQuantity": "100ML",
    "pricing": {
      "perUnit": "£100.00 per 100ML",
      "regular": {
        "value": 125,
        "currency": "GBP",
        "text": "£125.00"
      },
      "current": {
        "value": 100,
        "currency": "GBP",
        "text": "£100.00"
      },
      "saving": {
        "value": 25,
        "currency": "GBP",
        "text": "£25.00"
      }
    },
    "objectId": "2929121",
    "brand": "Hugo Boss",
    "attributes": {
      "fragrance_scent": "amber",
      "product_type": "body spray",
      "StockOverrideMessage": "STOCK_COMING_SOON",
      "gender": "mens",
      "size": "71-100",
      "fragrance_type": "parfum",
      "format": "spray",
      "hasPriceAdvantageDeal": false,
      "ProductReviewFlag": "1"
    },
    "variants": {
      "colours": [],
      "hasColours": false,
      "hasSizes": false
    },
    "categories": [
      [
        {
          "name": "fragrance",
          "label": "fragrance"
        },
        {
          "name": "toiletries",
          "label": "toiletries"
        },
        {
          "name": "men's",
          "label": "men's"
        },
        {
          "name": "gift",
          "label": "gift"
        },
        {
          "name": "new in",
          "label": "new in"
        }
      ],
      [
        {
          "name": "men's toiletries",
          "label": "toiletries > men's toiletries"
        },
        {
          "name": "men's toiletries",
          "label": "men's > men's toiletries"
        },
        {
          "name": "perfume",
          "label": "fragrance > perfume"
        },
        {
          "name": "aftershave",
          "label": "fragrance > aftershave"
        },
        {
          "name": "gifts for him",
          "label": "gift > gifts for him"
        },
        {
          "name": "gifts for her",
          "label": "gift > gifts for her"
        },
        {
          "name": "aftershave",
          "label": "men's > aftershave"
        },
        {
          "name": "luxury fragrance",
          "label": "fragrance > luxury fragrance"
        },
        {
          "name": "new in fragrance",
          "label": "fragrance > new in fragrance"
        },
        {
          "name": "elixir fragrances",
          "label": "fragrance > elixir fragrances"
        },
        {
          "name": "new in fragrance",
          "label": "new in > new in fragrance"
        }
      ],
      [
        {
          "name": "aftershave",
          "label": "toiletries > men's toiletries > aftershave"
        },
        {
          "name": "aftershave",
          "label": "men's > men's toiletries > aftershave"
        },
        {
          "name": "solid perfume",
          "label": "fragrance > perfume > solid perfume"
        },
        {
          "name": "all perfumes",
          "label": "fragrance > perfume > all perfumes"
        },
        {
          "name": "all aftershave",
          "label": "fragrance > aftershave > all aftershave"
        },
        {
          "name": "all aftershave",
          "label": "gift > gifts for him > all aftershave"
        },
        {
          "name": "all perfumes",
          "label": "gift > gifts for her > all perfumes"
        },
        {
          "name": "all aftershave",
          "label": "men's > aftershave > all aftershave"
        }
      ],
      [
        {
          "name": "all aftershave",
          "label": "toiletries > men's toiletries > aftershave > all aftershave"
        },
        {
          "name": "all aftershave",
          "label": "men's > men's toiletries > aftershave > all aftershave"
        }
      ]
    ],
    "reviews": {
      "average": 4.85,
      "count": 129,
      "rounded": 4
    },
    "parent": {
      "product": "2929120",
      "partNumber": "10339723.P",
      "model": "10339723",
      "manufacturerModel": "2219042"
    },
    "images": {
      "thumbnail": "https://boots.scene7.com/is/image/Boots/10339723?wid=45&hei=60&op_sharpen=1"
    },
    "offers": [
      {
        "text": "Free gift when you buy selected Hugo Boss fragrance - online only, whilst stocks last"
      },
      {
        "text": "Save up to 20 percent on selected fragrances"
      }
    ],
    "actions": {},
    "iconUri": "https://boots.scene7.com/is/image/Boots/10339723?op_sharpen=1",
    "title": "BOSS The Scent for Him Elixir Parfum Intense 100ml",
    "referenceUri": "/boss-the-scent-for-him-elixir-parfum-intense-100ml-10339723",
    "canAddToBasket": "yes",
    "opticians": false,
    "inStock": true,
    "expressDelivery": false,
    "hasOtherPromotion": true,
    "channelPromotionalTextMap": {
      "-1": [
        "Free gift when you buy selected Hugo Boss fragrance - online only, whilst stocks last",
        "Save up to 20 percent on selected fragrances"
      ],
      "-6": [
        "Free gift when you buy selected Hugo Boss fragrance - online only, whilst stocks last",
        "Save up to 20 percent on selected fragrances"
      ]
    },
    "adCardPoints": 300
  },
  {
    "_id": {
      "$oid": "65ec108d9884656b92f55795"
    },
    "ppuQuantity": "90ML",
    "pricing": {
      "perUnit": "£136.94 per 100ML",
      "regular": {
        "value": 145,
        "currency": "GBP",
        "text": "£145.00"
      },
      "current": {
        "value": 123.25,
        "currency": "GBP",
        "text": "£123.25"
      },
      "saving": {
        "value": 21.75,
        "currency": "GBP",
        "text": "£21.75"
      }
    },
    "objectId": "2859607",
    "brand": "Prada",
    "attributes": {
      "fragrance_scent": [
        "floral",
        "vanilla",
        "amber",
        "jasmine"
      ],
      "StockOverrideMessage": "STOCK_COMING_SOON",
      "gender": "womens",
      "size": "71-100",
      "format": "spray",
      "fragrance_type": "eau de parfum",
      "hasPriceAdvantageDeal": false,
      "ProductReviewFlag": "1"
    },
    "variants": {
      "colours": [],
      "hasColours": false,
      "hasSizes": false
    },
    "categories": [
      [
        {
          "name": "new in",
          "label": "new in"
        },
        {
          "name": "fragrance",
          "label": "fragrance"
        },
        {
          "name": "gift",
          "label": "gift"
        }
      ],
      [
        {
          "name": "perfume",
          "label": "fragrance > perfume"
        },
        {
          "name": "gifts for her",
          "label": "gift > gifts for her"
        },
        {
          "name": "luxury fragrance",
          "label": "fragrance > luxury fragrance"
        },
        {
          "name": "new in fragrance",
          "label": "fragrance > new in fragrance"
        },
        {
          "name": "new in fragrance",
          "label": "new in > new in fragrance"
        }
      ],
      [
        {
          "name": "all perfumes",
          "label": "fragrance > perfume > all perfumes"
        },
        {
          "name": "vanilla perfume",
          "label": "fragrance > perfume > vanilla perfume"
        },
        {
          "name": "floral perfume",
          "label": "fragrance > perfume > floral perfume"
        },
        {
          "name": "amber perfume",
          "label": "fragrance > perfume > amber perfume"
        },
        {
          "name": "all perfumes",
          "label": "gift > gifts for her > all perfumes"
        }
      ]
    ],
    "reviews": {
      "average": 4.73,
      "count": 5013,
      "rounded": 4
    },
    "parent": {
      "product": "2859606",
      "partNumber": "10331515.P",
      "model": "10331515",
      "manufacturerModel": "5733022"
    },
    "images": {
      "thumbnail": "https://boots.scene7.com/is/image/Boots/10331515?wid=45&hei=60&op_sharpen=1"
    },
    "offers": [
      {
        "text": "Free gift when you buy selected Prada - whilst stocks last"
      },
      {
        "text": "Save up to 20 percent on selected fragrances"
      }
    ],
    "actions": {},
    "iconUri": "https://boots.scene7.com/is/image/Boots/10331515?op_sharpen=1",
    "title": "Prada Paradoxe Intense Eau de Parfum 90ml",
    "referenceUri": "/Prada-Paradoxe-Intense-Eau-de-Parfum-90ml-10331515",
    "canAddToBasket": "yes",
    "opticians": false,
    "inStock": true,
    "expressDelivery": false,
    "hasOtherPromotion": true,
    "channelPromotionalTextMap": {
      "-1": [
        "Free gift when you buy selected Prada - whilst stocks last",
        "Save up to 20 percent on selected fragrances"
      ],
      "-6": [
        "Free gift when you buy selected Prada - whilst stocks last",
        "Save up to 20 percent on selected fragrances"
      ]
    },
    "adCardPoints": 369
  },
  {
    "_id": {
      "$oid": "65ec108d9884656b92f55796"
    },
    "ppuQuantity": "50ML",
    "pricing": {
      "perUnit": "£139.40 per 100ML",
      "regular": {
        "value": 82,
        "currency": "GBP",
        "text": "£82.00"
      },
      "current": {
        "value": 69.7,
        "currency": "GBP",
        "text": "£69.70"
      },
      "saving": {
        "value": 12.3,
        "currency": "GBP",
        "text": "£12.30"
      }
    },
    "objectId": "2342225",
    "brand": "Christian Dior",
    "attributes": {
      "fragrance_scent": "floral",
      "StockOverrideMessage": "STOCK_COMING_SOON",
      "size": "41-50",
      "gender": "womens",
      "format": "spray",
      "fragrance_type": "eau de toilette",
      "hasPriceAdvantageDeal": false,
      "Reporting_Category": "fragrance",
      "ProductReviewFlag": "1"
    },
    "variants": {
      "colours": [],
      "hasColours": false,
      "hasSizes": false
    },
    "categories": [
      [
        {
          "name": "fragrance",
          "label": "fragrance"
        },
        {
          "name": "gift",
          "label": "gift"
        }
      ],
      [
        {
          "name": "5* rated perfumes & aftershaves",
          "label": "fragrance > 5* rated perfumes & aftershaves"
        },
        {
          "name": "perfume",
          "label": "fragrance > perfume"
        },
        {
          "name": "fragrance offers",
          "label": "fragrance > fragrance offers"
        },
        {
          "name": "gifts for her",
          "label": "gift > gifts for her"
        }
      ],
      [
        {
          "name": "all perfumes",
          "label": "fragrance > perfume > all perfumes"
        },
        {
          "name": "floral perfume",
          "label": "fragrance > perfume > floral perfume"
        },
        {
          "name": "save 15 pounds",
          "label": "fragrance > fragrance offers > save 15 pounds"
        },
        {
          "name": "Save 15% on 100s of fragrances",
          "label": "fragrance > fragrance offers > Save 15% on 100s of fragrances"
        },
        {
          "name": "all perfumes",
          "label": "gift > gifts for her > all perfumes"
        }
      ]
    ],
    "reviews": {
      "average": 4.64,
      "count": 346,
      "rounded": 4
    },
    "parent": {
      "product": "2342224",
      "partNumber": "10273567.P",
      "model": "10273567",
      "manufacturerModel": "8734410"
    },
    "images": {
      "thumbnail": "https://boots.scene7.com/is/image/Boots/10273567?wid=45&hei=60&op_sharpen=1"
    },
    "offers": [
      {
        "text": "Save up to 20 percent on selected fragrances"
      }
    ],
    "actions": {},
    "iconUri": "https://boots.scene7.com/is/image/Boots/10273567?op_sharpen=1",
    "title": "DIOR Miss Dior Rose N'Roses Eau de Toilette 50ml",
    "referenceUri": "/miss-dior-rose-n-roses-eau-de-toilette-50ml-10273567",
    "canAddToBasket": "yes",
    "opticians": false,
    "inStock": true,
    "expressDelivery": false,
    "hasOtherPromotion": true,
    "channelPromotionalTextMap": {
      "-1": [
        "Save up to 20 percent on selected fragrances"
      ],
      "-6": [
        "Save up to 20 percent on selected fragrances"
      ]
    },
    "adCardPoints": 207
  },
  {
    "_id": {
      "$oid": "65ec108d9884656b92f55797"
    },
    "ppuQuantity": "100ML",
    "pricing": {
      "perUnit": "£22.00 per 100ML",
      "regular": {
        "value": 49,
        "currency": "GBP",
        "text": "£49.00"
      },
      "current": {
        "value": 22,
        "currency": "GBP",
        "text": "£22.00"
      },
      "saving": {
        "value": 27,
        "currency": "GBP",
        "text": "£27.00"
      }
    },
    "objectId": "2871633",
    "brand": "Elizabeth Taylor",
    "attributes": {
      "fragrance_scent": [
        "floral",
        "amber",
        "oriental",
        "musk",
        "aromatic"
      ],
      "product_type": "body spray",
      "size": "71-100",
      "gender": "womens",
      "StockOverrideMessage": "STOCK_COMING_SOON",
      "format": "spray",
      "fragrance_type": "eau de toilette",
      "hasPriceAdvantageDeal": false,
      "ProductReviewFlag": "1"
    },
    "variants": {
      "colours": [],
      "hasColours": false,
      "hasSizes": false
    },
    "categories": [
      [
        {
          "name": "fragrance",
          "label": "fragrance"
        },
        {
          "name": "gift",
          "label": "gift"
        }
      ],
      [
        {
          "name": "perfume",
          "label": "fragrance > perfume"
        },
        {
          "name": "fragrance offers",
          "label": "fragrance > fragrance offers"
        },
        {
          "name": "gifts for her",
          "label": "gift > gifts for her"
        },
        {
          "name": "celebrity fragrance",
          "label": "fragrance > celebrity fragrance"
        },
        {
          "name": "brands",
          "label": "fragrance > brands"
        }
      ],
      [
        {
          "name": "all perfumes",
          "label": "fragrance > perfume > all perfumes"
        },
        {
          "name": "musky perfume",
          "label": "fragrance > perfume > musky perfume"
        },
        {
          "name": "floral perfume",
          "label": "fragrance > perfume > floral perfume"
        },
        {
          "name": "amber perfume",
          "label": "fragrance > perfume > amber perfume"
        },
        {
          "name": "everyday low prices",
          "label": "fragrance > fragrance offers > everyday low prices"
        },
        {
          "name": "all perfumes",
          "label": "gift > gifts for her > all perfumes"
        }
      ]
    ],
    "reviews": {
      "average": 4.81,
      "count": 16,
      "rounded": 4
    },
    "parent": {
      "product": "2871632",
      "partNumber": "10333306.P",
      "model": "10333306",
      "manufacturerModel": "5767199"
    },
    "images": {
      "thumbnail": "https://boots.scene7.com/is/image/Boots/10333306?wid=45&hei=60&op_sharpen=1"
    },
    "offers": [
      {
        "text": "Save up to 1/2 price on selected fragrances"
      }
    ],
    "actions": {},
    "iconUri": "https://boots.scene7.com/is/image/Boots/10333306?op_sharpen=1",
    "title": "Elizabeth Taylor White Diamonds Eau de Toilette 100ml",
    "referenceUri": "/elizabeth-taylor-white-dimonds-eau-de-toilette-100ml-10333306",
    "canAddToBasket": "yes",
    "opticians": false,
    "inStock": true,
    "expressDelivery": false,
    "hasOtherPromotion": true,
    "channelPromotionalTextMap": {
      "-1": [
        "Save up to 1/2 price on selected fragrances"
      ],
      "-6": [
        "Save up to 1/2 price on selected fragrances"
      ]
    },
    "adCardPoints": 66
  },
  {
    "_id": {
      "$oid": "65ec108d9884656b92f55798"
    },
    "ppuQuantity": "100ML",
    "pricing": {
      "perUnit": "£110.50 per 100ML",
      "regular": {
        "value": 130,
        "currency": "GBP",
        "text": "£130.00"
      },
      "current": {
        "value": 110.5,
        "currency": "GBP",
        "text": "£110.50"
      },
      "saving": {
        "value": 19.5,
        "currency": "GBP",
        "text": "£19.50"
      }
    },
    "objectId": "2871609",
    "brand": "Giorgio Armani",
    "attributes": {
      "fragrance_scent": [
        "chypre",
        "fruity"
      ],
      "product_type": "body spray",
      "size": "71-100",
      "gender": "womens",
      "StockOverrideMessage": "STOCK_COMING_SOON",
      "fragrance_type": "eau de parfum",
      "format": "spray",
      "hasPriceAdvantageDeal": false,
      "ProductReviewFlag": "1"
    },
    "variants": {
      "colours": [],
      "hasColours": false,
      "hasSizes": false
    },
    "categories": [
      [
        {
          "name": "fragrance",
          "label": "fragrance"
        },
        {
          "name": "sun & holiday",
          "label": "sun & holiday"
        },
        {
          "name": "gift",
          "label": "gift"
        },
        {
          "name": "new in",
          "label": "new in"
        }
      ],
      [
        {
          "name": "perfume",
          "label": "fragrance > perfume"
        },
        {
          "name": "love island",
          "label": "sun & holiday > love island"
        },
        {
          "name": "gifts for her",
          "label": "gift > gifts for her"
        },
        {
          "name": "luxury fragrance",
          "label": "fragrance > luxury fragrance"
        },
        {
          "name": "new in fragrance",
          "label": "fragrance > new in fragrance"
        },
        {
          "name": "brands",
          "label": "fragrance > brands"
        },
        {
          "name": "new in fragrance",
          "label": "new in > new in fragrance"
        }
      ],
      [
        {
          "name": "all perfumes",
          "label": "fragrance > perfume > all perfumes"
        },
        {
          "name": "shop the love island villa",
          "label": "sun & holiday > love island > shop the love island villa"
        },
        {
          "name": "all perfumes",
          "label": "gift > gifts for her > all perfumes"
        }
      ]
    ],
    "reviews": {
      "average": 4.78,
      "count": 161,
      "rounded": 4
    },
    "parent": {
      "product": "2871608",
      "partNumber": "10333294.P",
      "model": "10333294",
      "manufacturerModel": "5767040"
    },
    "images": {
      "thumbnail": "https://boots.scene7.com/is/image/Boots/10333294?wid=45&hei=60&op_sharpen=1"
    },
    "offers": [
      {
        "text": "Free Giorgio Armani Black Premium Pouch when you buy Giorgio Armani Si 100ml or above - whilst stocks last"
      },
      {
        "text": "Free Giorgio Armani Valentines Day Lip Power Mini 104 when you buy Giorgio Armani Si 100ml or above - whilst stocks last"
      },
      {
        "text": "Free Giorgio Armani Si Eau de Parfum 15ml when you buy Giorgio Armani Si 50ml or above - whilst stocks last"
      },
      {
        "text": "Save up to 20 percent on selected fragrances"
      }
    ],
    "actions": {},
    "iconUri": "https://boots.scene7.com/is/image/Boots/10333294?op_sharpen=1",
    "title": "Giorgio Armani Sì Eau de Parfum Intense 100ml",
    "referenceUri": "/giorgio-armani-si-eau-de-parfum-intense-100ml-10333294",
    "canAddToBasket": "yes",
    "opticians": false,
    "inStock": true,
    "expressDelivery": false,
    "hasOtherPromotion": true,
    "channelPromotionalTextMap": {
      "-1": [
        "Free Giorgio Armani Black Premium Pouch when you buy Giorgio Armani Si 100ml or above - whilst stocks last",
        "Free Giorgio Armani Valentines Day Lip Power Mini 104 when you buy Giorgio Armani Si 100ml or above - whilst stocks last",
        "Free Giorgio Armani Si Eau de Parfum 15ml when you buy Giorgio Armani Si 50ml or above - whilst stocks last",
        "Save up to 20 percent on selected fragrances"
      ],
      "-6": [
        "Free Giorgio Armani Black Premium Pouch when you buy Giorgio Armani Si 100ml or above - whilst stocks last",
        "Free Giorgio Armani Valentines Day Lip Power Mini 104 when you buy Giorgio Armani Si 100ml or above - whilst stocks last",
        "Free Giorgio Armani Si Eau de Parfum 15ml when you buy Giorgio Armani Si 50ml or above - whilst stocks last",
        "Save up to 20 percent on selected fragrances"
      ]
    },
    "adCardPoints": 330
  },
  {
    "_id": {
      "$oid": "65ec108d9884656b92f55799"
    },
    "ppuQuantity": "50ML",
    "pricing": {
      "perUnit": "£161.50 per 100ML",
      "regular": {
        "value": 95,
        "currency": "GBP",
        "text": "£95.00"
      },
      "current": {
        "value": 80.75,
        "currency": "GBP",
        "text": "£80.75"
      },
      "saving": {
        "value": 14.25,
        "currency": "GBP",
        "text": "£14.25"
      }
    },
    "objectId": "862132",
    "brand": "Viktor & Rolf",
    "attributes": {
      "fragrance_scent": [
        "floral",
        "amber",
        "citrus",
        "woody",
        "jasmine"
      ],
      "StockOverrideMessage": "STOCK_COMING_SOON",
      "size": "41-50",
      "gender": "womens",
      "parentCategory_UK": "33071",
      "recipient": "gifts for women",
      "fragrance_type": "eau de parfum",
      "hasPriceAdvantageDeal": false,
      "Reporting_Category": "fragrance",
      "gift_type": "fragrance gifts",
      "ProductReviewFlag": "1"
    },
    "variants": {
      "colours": [],
      "hasColours": false,
      "hasSizes": false
    },
    "categories": [
      [
        {
          "name": "gift",
          "label": "gift"
        },
        {
          "name": "fragrance",
          "label": "fragrance"
        },
        {
          "name": "sun & holiday",
          "label": "sun & holiday"
        }
      ],
      [
        {
          "name": "all gifts",
          "label": "gift > all gifts"
        },
        {
          "name": "perfume",
          "label": "fragrance > perfume"
        },
        {
          "name": "fragrance offers",
          "label": "fragrance > fragrance offers"
        },
        {
          "name": "recommended",
          "label": "fragrance > recommended"
        },
        {
          "name": "gifts for her",
          "label": "gift > gifts for her"
        },
        {
          "name": "gift by occasion",
          "label": "gift > gift by occasion"
        },
        {
          "name": "your holiday starts here",
          "label": "sun & holiday > your holiday starts here"
        }
      ],
      [
        {
          "name": "all perfumes",
          "label": "fragrance > perfume > all perfumes"
        },
        {
          "name": "floral perfume",
          "label": "fragrance > perfume > floral perfume"
        },
        {
          "name": "amber perfume",
          "label": "fragrance > perfume > amber perfume"
        },
        {
          "name": "Triple points on top scents",
          "label": "fragrance > fragrance offers > Triple points on top scents"
        },
        {
          "name": "Collect £10 worth of points when you spend £60",
          "label": "fragrance > fragrance offers > Collect £10 worth of points when you spend £60"
        },
        {
          "name": "save up to 20% on fragrance",
          "label": "fragrance > fragrance offers > save up to 20% on fragrance"
        },
        {
          "name": "personalise your perfect gift",
          "label": "fragrance > fragrance offers > personalise your perfect gift"
        },
        {
          "name": "Save 15% on 100s of fragrances",
          "label": "fragrance > fragrance offers > Save 15% on 100s of fragrances"
        },
        {
          "name": "best summer fragrances",
          "label": "fragrance > recommended > best summer fragrances"
        },
        {
          "name": "best floral perfumes",
          "label": "fragrance > recommended > best floral perfumes"
        },
        {
          "name": "all perfumes",
          "label": "gift > gifts for her > all perfumes"
        },
        {
          "name": "wedding gifts",
          "label": "gift > gift by occasion > wedding gifts"
        }
      ]
    ],
    "reviews": {
      "average": 4.77,
      "count": 14708,
      "rounded": 4
    },
    "parent": {
      "product": "862131",
      "partNumber": "10082748.P",
      "model": "10082748",
      "manufacturerModel": "5668883"
    },
    "images": {
      "thumbnail": "https://boots.scene7.com/is/image/Boots/10082748?wid=45&hei=60&op_sharpen=1"
    },
    "offers": [
      {
        "text": "Save up to 20 percent on selected fragrances"
      }
    ],
    "actions": {},
    "iconUri": "https://boots.scene7.com/is/image/Boots/10082748?op_sharpen=1",
    "title": "Viktor & Rolf Flowerbomb Eau de Parfum 50ml",
    "referenceUri": "/viktor-and-rolf-flowerbomb-eau-de-parfum-50ml-10082748",
    "canAddToBasket": "yes",
    "opticians": false,
    "inStock": true,
    "expressDelivery": false,
    "hasOtherPromotion": true,
    "channelPromotionalTextMap": {
      "-1": [
        "Save up to 20 percent on selected fragrances"
      ],
      "-6": [
        "Save up to 20 percent on selected fragrances"
      ]
    },
    "adCardPoints": 240
  },
  {
    "_id": {
      "$oid": "65ec108d9884656b92f5579a"
    },
    "ppuQuantity": "50ML",
    "pricing": {
      "perUnit": "£161.50 per 100ML",
      "regular": {
        "value": 95,
        "currency": "GBP",
        "text": "£95.00"
      },
      "current": {
        "value": 80.75,
        "currency": "GBP",
        "text": "£80.75"
      },
      "saving": {
        "value": 14.25,
        "currency": "GBP",
        "text": "£14.25"
      }
    },
    "objectId": "2314555",
    "brand": "Valentino",
    "attributes": {
      "fragrance_scent": [
        "amber",
        "floral",
        "woody",
        "jasmine",
        "vanilla"
      ],
      "StockOverrideMessage": "STOCK_COMING_SOON",
      "gender": "womens",
      "size": "41-50",
      "fragrance_type": "eau de parfum",
      "format": "spray",
      "recipient": "gifts for women",
      "hasPriceAdvantageDeal": false,
      "Reporting_Category": "fragrance",
      "gift_type": "fragrance gifts",
      "ProductReviewFlag": "1"
    },
    "variants": {
      "colours": [],
      "hasColours": false,
      "hasSizes": false
    },
    "categories": [
      [
        {
          "name": "fragrance",
          "label": "fragrance"
        },
        {
          "name": "gift",
          "label": "gift"
        }
      ],
      [
        {
          "name": "recommended",
          "label": "fragrance > recommended"
        },
        {
          "name": "perfume",
          "label": "fragrance > perfume"
        },
        {
          "name": "fragrance offers",
          "label": "fragrance > fragrance offers"
        },
        {
          "name": "gifts for her",
          "label": "gift > gifts for her"
        },
        {
          "name": "5* rated perfumes & aftershaves",
          "label": "fragrance > 5* rated perfumes & aftershaves"
        }
      ],
      [
        {
          "name": "all perfumes",
          "label": "fragrance > perfume > all perfumes"
        },
        {
          "name": "vanilla perfume",
          "label": "fragrance > perfume > vanilla perfume"
        },
        {
          "name": "floral perfume",
          "label": "fragrance > perfume > floral perfume"
        },
        {
          "name": "amber perfume",
          "label": "fragrance > perfume > amber perfume"
        },
        {
          "name": "Save 15% on 100s of fragrances",
          "label": "fragrance > fragrance offers > Save 15% on 100s of fragrances"
        },
        {
          "name": "trending fragrance",
          "label": "fragrance > recommended > trending fragrance"
        },
        {
          "name": "all perfumes",
          "label": "gift > gifts for her > all perfumes"
        }
      ]
    ],
    "reviews": {
      "average": 4.74,
      "count": 1130,
      "rounded": 4
    },
    "parent": {
      "product": "2314554",
      "partNumber": "10269819.P",
      "model": "10269819",
      "manufacturerModel": "8638675"
    },
    "images": {
      "thumbnail": "https://boots.scene7.com/is/image/Boots/10269819?wid=45&hei=60&op_sharpen=1"
    },
    "offers": [
      {
        "text": "Save up to 20 percent on selected fragrances"
      }
    ],
    "actions": {},
    "iconUri": "https://boots.scene7.com/is/image/Boots/10269819?op_sharpen=1",
    "title": "Valentino Donna Born In Roma Eau de Parfum 50ml",
    "referenceUri": "/valentino-donna-born-in-roma-edp-50ml-10269819",
    "canAddToBasket": "yes",
    "opticians": false,
    "inStock": true,
    "expressDelivery": false,
    "hasOtherPromotion": true,
    "channelPromotionalTextMap": {
      "-1": [
        "Save up to 20 percent on selected fragrances"
      ],
      "-6": [
        "Save up to 20 percent on selected fragrances"
      ]
    },
    "adCardPoints": 240
  },
  {
    "_id": {
      "$oid": "65ec108d9884656b92f5579b"
    },
    "ppuQuantity": "100ML",
    "pricing": {
      "perUnit": "£34.00 per 100ML",
      "regular": {
        "value": 40,
        "currency": "GBP",
        "text": "£40.00"
      },
      "current": {
        "value": 34,
        "currency": "GBP",
        "text": "£34.00"
      },
      "saving": {
        "value": 6,
        "currency": "GBP",
        "text": "£6.00"
      }
    },
    "objectId": "2779279",
    "brand": "Clarins",
    "attributes": {
      "hasPriceAdvantageDeal": false,
      "gift_type": "fragrance gifts",
      "StockOverrideMessage": "STOCK_COMING_SOON",
      "ProductReviewFlag": "1"
    },
    "variants": {
      "colours": [],
      "hasColours": false,
      "hasSizes": false
    },
    "categories": [
      [
        {
          "name": "fragrance",
          "label": "fragrance"
        },
        {
          "name": "beauty & skincare",
          "label": "beauty & skincare"
        },
        {
          "name": "gift",
          "label": "gift"
        }
      ],
      [
        {
          "name": "brands",
          "label": "fragrance > brands"
        },
        {
          "name": "premium beauty & skincare",
          "label": "beauty & skincare > premium beauty & skincare"
        },
        {
          "name": "perfume",
          "label": "fragrance > perfume"
        },
        {
          "name": "gifts for her",
          "label": "gift > gifts for her"
        }
      ],
      [
        {
          "name": "save up to 25% across selected premium beauty and No7",
          "label": "beauty & skincare > premium beauty & skincare > save up to 25% across selected premium beauty and No7"
        },
        {
          "name": "all perfumes",
          "label": "fragrance > perfume > all perfumes"
        },
        {
          "name": "floral perfume",
          "label": "fragrance > perfume > floral perfume"
        },
        {
          "name": "all perfumes",
          "label": "gift > gifts for her > all perfumes"
        }
      ]
    ],
    "reviews": {
      "average": 4.6,
      "count": 103,
      "rounded": 4
    },
    "parent": {
      "product": "2779278",
      "partNumber": "10322808.P",
      "model": "10322808",
      "manufacturerModel": "5267145"
    },
    "images": {
      "thumbnail": "https://boots.scene7.com/is/image/Boots/10322808?wid=45&hei=60&op_sharpen=1"
    },
    "offers": [
      {
        "text": "Save up to 25 percent across selected Premium Beauty"
      }
    ],
    "actions": {},
    "iconUri": "https://boots.scene7.com/is/image/Boots/10322808?op_sharpen=1",
    "title": "Clarins Eau Des Jardins Treatment Fragrance 100ml",
    "referenceUri": "/clarins-eau%C2%A0des-jardins-treatment-fragrance-100ml-10322808",
    "canAddToBasket": "yes",
    "opticians": false,
    "inStock": true,
    "expressDelivery": false,
    "hasOtherPromotion": true,
    "channelPromotionalTextMap": {
      "-1": [
        "Save up to 25 percent across selected Premium Beauty"
      ],
      "-6": [
        "Save up to 25 percent across selected Premium Beauty"
      ]
    },
    "adCardPoints": 102
  },
  {
    "_id": {
      "$oid": "65ec108d9884656b92f5579c"
    },
    "ppuQuantity": "10ML",
    "pricing": {
      "perUnit": "£238.00 per 100ML",
      "regular": {
        "value": 28,
        "currency": "GBP",
        "text": "£28.00"
      },
      "current": {
        "value": 23.8,
        "currency": "GBP",
        "text": "£23.80"
      },
      "saving": {
        "value": 4.2,
        "currency": "GBP",
        "text": "£4.20"
      }
    },
    "objectId": "2914627",
    "brand": "Kayali",
    "attributes": {
      "fragrance_scent": "fruity",
      "product_type": "perfume",
      "StockOverrideMessage": "STOCK_COMING_SOON",
      "size": "0-10",
      "fragrance_type": "eau de parfum",
      "hasPriceAdvantageDeal": false,
      "ProductReviewFlag": "1"
    },
    "variants": {
      "colours": [],
      "hasColours": false,
      "hasSizes": false
    },
    "categories": [
      [
        {
          "name": "fragrance",
          "label": "fragrance"
        },
        {
          "name": "gift",
          "label": "gift"
        }
      ],
      [
        {
          "name": "brands",
          "label": "fragrance > brands"
        },
        {
          "name": "perfume",
          "label": "fragrance > perfume"
        },
        {
          "name": "gifts for her",
          "label": "gift > gifts for her"
        },
        {
          "name": "luxury fragrance",
          "label": "fragrance > luxury fragrance"
        }
      ],
      [
        {
          "name": "all perfumes",
          "label": "fragrance > perfume > all perfumes"
        },
        {
          "name": "all perfumes",
          "label": "gift > gifts for her > all perfumes"
        }
      ]
    ],
    "reviews": {
      "average": null,
      "count": null,
      "rounded": null
    },
    "parent": {
      "product": "2914626",
      "partNumber": "10338204.P",
      "model": "10338204",
      "manufacturerModel": "1775332"
    },
    "images": {
      "thumbnail": "https://boots.scene7.com/is/image/Boots/10338204?wid=45&hei=60&op_sharpen=1"
    },
    "offers": [
      {
        "text": "Save 15 percent on selected fragrance"
      }
    ],
    "actions": {},
    "iconUri": "https://boots.scene7.com/is/image/Boots/10338204?op_sharpen=1",
    "title": "Kayali Eden Juicy Apple 01 Eau de Parfum 10ml",
    "referenceUri": "/kayali-eden-juicy-apple-01-eau-de-parfum-10ml-10338204",
    "canAddToBasket": "yes",
    "opticians": false,
    "inStock": true,
    "expressDelivery": false,
    "hasOtherPromotion": true,
    "channelPromotionalTextMap": {
      "-1": [
        "Save 15 percent on selected fragrance"
      ],
      "-6": [
        "Save 15 percent on selected fragrance"
      ]
    },
    "adCardPoints": 69
  },
  {
    "_id": {
      "$oid": "65ec108d9884656b92f5579d"
    },
    "ppuQuantity": "100ML",
    "pricing": {
      "perUnit": "£110.50 per 100ML",
      "regular": {
        "value": 130,
        "currency": "GBP",
        "text": "£130.00"
      },
      "current": {
        "value": 110.5,
        "currency": "GBP",
        "text": "£110.50"
      },
      "saving": {
        "value": 19.5,
        "currency": "GBP",
        "text": "£19.50"
      }
    },
    "objectId": "862134",
    "brand": "Viktor & Rolf",
    "attributes": {
      "fragrance_scent": [
        "amber",
        "jasmine",
        "citrus",
        "woody",
        "floral"
      ],
      "StockOverrideMessage": "STOCK_COMING_SOON",
      "gender": "womens",
      "size": "71-100",
      "parentCategory_UK": "33071",
      "recipient": "gifts for women",
      "fragrance_type": "eau de parfum",
      "hasPriceAdvantageDeal": false,
      "Reporting_Category": "fragrance",
      "gift_type": "fragrance gifts",
      "ProductReviewFlag": "1"
    },
    "variants": {
      "colours": [],
      "hasColours": false,
      "hasSizes": false
    },
    "categories": [
      [
        {
          "name": "gift",
          "label": "gift"
        },
        {
          "name": "fragrance",
          "label": "fragrance"
        }
      ],
      [
        {
          "name": "all gifts",
          "label": "gift > all gifts"
        },
        {
          "name": "perfume",
          "label": "fragrance > perfume"
        },
        {
          "name": "fragrance offers",
          "label": "fragrance > fragrance offers"
        },
        {
          "name": "recommended",
          "label": "fragrance > recommended"
        },
        {
          "name": "gifts for her",
          "label": "gift > gifts for her"
        },
        {
          "name": "gift by occasion",
          "label": "gift > gift by occasion"
        }
      ],
      [
        {
          "name": "all perfumes",
          "label": "fragrance > perfume > all perfumes"
        },
        {
          "name": "floral perfume",
          "label": "fragrance > perfume > floral perfume"
        },
        {
          "name": "amber perfume",
          "label": "fragrance > perfume > amber perfume"
        },
        {
          "name": "Triple points on top scents",
          "label": "fragrance > fragrance offers > Triple points on top scents"
        },
        {
          "name": "personalise your perfect gift",
          "label": "fragrance > fragrance offers > personalise your perfect gift"
        },
        {
          "name": "Save 15% on 100s of fragrances",
          "label": "fragrance > fragrance offers > Save 15% on 100s of fragrances"
        },
        {
          "name": "best summer fragrances",
          "label": "fragrance > recommended > best summer fragrances"
        },
        {
          "name": "best floral perfumes",
          "label": "fragrance > recommended > best floral perfumes"
        },
        {
          "name": "all perfumes",
          "label": "gift > gifts for her > all perfumes"
        },
        {
          "name": "wedding gifts",
          "label": "gift > gift by occasion > wedding gifts"
        }
      ]
    ],
    "reviews": {
      "average": 4.77,
      "count": 14707,
      "rounded": 4
    },
    "parent": {
      "product": "862133",
      "partNumber": "10082749.P",
      "model": "10082749",
      "manufacturerModel": "5668891"
    },
    "images": {
      "thumbnail": "https://boots.scene7.com/is/image/Boots/10082749?wid=45&hei=60&op_sharpen=1"
    },
    "offers": [
      {
        "text": "Save up to 20 percent on selected fragrances"
      }
    ],
    "actions": {},
    "iconUri": "https://boots.scene7.com/is/image/Boots/10082749?op_sharpen=1",
    "title": "Viktor & Rolf Flowerbomb Eau de Parfum 100ml",
    "referenceUri": "/viktor-and-rolf-flowerbomb-eau-de-parfum-100ml-10082749",
    "canAddToBasket": "yes",
    "opticians": false,
    "inStock": true,
    "expressDelivery": false,
    "hasOtherPromotion": true,
    "channelPromotionalTextMap": {
      "-1": [
        "Save up to 20 percent on selected fragrances"
      ],
      "-6": [
        "Save up to 20 percent on selected fragrances"
      ]
    },
    "adCardPoints": 330
  },
  {
    "_id": {
      "$oid": "65ec108d9884656b92f5579e"
    },
    "ppuQuantity": "90ML",
    "pricing": {
      "perUnit": "£25.56 per 100ML",
      "regular": {
        "value": 49,
        "currency": "GBP",
        "text": "£49.00"
      },
      "current": {
        "value": 23,
        "currency": "GBP",
        "text": "£23.00"
      },
      "saving": {
        "value": 26,
        "currency": "GBP",
        "text": "£26.00"
      }
    },
    "objectId": "3099",
    "brand": "Giorgio Beverly Hills",
    "attributes": {
      "fragrance_scent": [
        "sweet",
        "woody",
        "floral",
        "amber",
        "fruity",
        "citrus"
      ],
      "StockOverrideMessage": "STOCK_COMING_SOON",
      "parentCategory_UK": "33071",
      "fragrance_type": "eau de toilette",
      "hasPriceAdvantageDeal": false,
      "Reporting_Category": "fragrance",
      "ProductReviewFlag": "1"
    },
    "variants": {
      "colours": [],
      "hasColours": false,
      "hasSizes": false
    },
    "categories": [
      [
        {
          "name": "fragrance",
          "label": "fragrance"
        },
        {
          "name": "gift",
          "label": "gift"
        }
      ],
      [
        {
          "name": "5* rated perfumes & aftershaves",
          "label": "fragrance > 5* rated perfumes & aftershaves"
        },
        {
          "name": "perfume",
          "label": "fragrance > perfume"
        },
        {
          "name": "fragrance offers",
          "label": "fragrance > fragrance offers"
        },
        {
          "name": "gifts for her",
          "label": "gift > gifts for her"
        }
      ],
      [
        {
          "name": "all perfumes",
          "label": "fragrance > perfume > all perfumes"
        },
        {
          "name": "floral perfume",
          "label": "fragrance > perfume > floral perfume"
        },
        {
          "name": "amber perfume",
          "label": "fragrance > perfume > amber perfume"
        },
        {
          "name": "everyday low prices",
          "label": "fragrance > fragrance offers > everyday low prices"
        },
        {
          "name": "save up to 20% on fragrance",
          "label": "fragrance > fragrance offers > save up to 20% on fragrance"
        },
        {
          "name": "all perfumes",
          "label": "gift > gifts for her > all perfumes"
        }
      ]
    ],
    "reviews": {
      "average": 4.75,
      "count": 104,
      "rounded": 4
    },
    "parent": {
      "product": "3098",
      "partNumber": "10011635.P",
      "model": "10011635",
      "manufacturerModel": "2910136"
    },
    "images": {
      "thumbnail": "https://boots.scene7.com/is/image/Boots/10011635?wid=45&hei=60&op_sharpen=1"
    },
    "offers": [
      {
        "text": "Save up to 1/2 price on selected fragrances"
      }
    ],
    "actions": {},
    "iconUri": "https://boots.scene7.com/is/image/Boots/10011635?op_sharpen=1",
    "title": "Giorgio Beverly Hills Eau De Toilette 90ml",
    "referenceUri": "/giorgio-beverly-hills-eau-de-toilette-90ml-10011635",
    "canAddToBasket": "yes",
    "opticians": false,
    "inStock": true,
    "expressDelivery": false,
    "hasOtherPromotion": true,
    "channelPromotionalTextMap": {
      "-1": [
        "Save up to 1/2 price on selected fragrances"
      ],
      "-6": [
        "Save up to 1/2 price on selected fragrances"
      ]
    },
    "adCardPoints": 69
  },
  {
    "_id": {
      "$oid": "65ec108d9884656b92f5579f"
    },
    "ppuQuantity": "30ML",
    "pricing": {
      "perUnit": "£189.83 per 100ML",
      "regular": {
        "value": 67,
        "currency": "GBP",
        "text": "£67.00"
      },
      "current": {
        "value": 56.95,
        "currency": "GBP",
        "text": "£56.95"
      },
      "saving": {
        "value": 10.05,
        "currency": "GBP",
        "text": "£10.05"
      }
    },
    "objectId": "1374467",
    "brand": "Giorgio Armani",
    "attributes": {
      "fragrance_scent": [
        "jasmine",
        "amber",
        "vanilla",
        "chypre",
        "citrus",
        "woody",
        "floral"
      ],
      "StockOverrideMessage": "STOCK_COMING_SOON",
      "gender": "womens",
      "size": "21-30",
      "Size": "30ml",
      "parentCategory_UK": "33071",
      "fragrance_type": "eau de parfum",
      "hasPriceAdvantageDeal": false,
      "Reporting_Category": "fragrance",
      "ProductReviewFlag": "1"
    },
    "variants": {
      "colours": [],
      "hasColours": false,
      "hasSizes": false
    },
    "categories": [
      [
        {
          "name": "fragrance",
          "label": "fragrance"
        },
        {
          "name": "gift",
          "label": "gift"
        }
      ],
      [
        {
          "name": "5* rated perfumes & aftershaves",
          "label": "fragrance > 5* rated perfumes & aftershaves"
        },
        {
          "name": "perfume",
          "label": "fragrance > perfume"
        },
        {
          "name": "fragrance offers",
          "label": "fragrance > fragrance offers"
        },
        {
          "name": "gifts for her",
          "label": "gift > gifts for her"
        },
        {
          "name": "gift by occasion",
          "label": "gift > gift by occasion"
        }
      ],
      [
        {
          "name": "all perfumes",
          "label": "fragrance > perfume > all perfumes"
        },
        {
          "name": "vanilla perfume",
          "label": "fragrance > perfume > vanilla perfume"
        },
        {
          "name": "floral perfume",
          "label": "fragrance > perfume > floral perfume"
        },
        {
          "name": "amber perfume",
          "label": "fragrance > perfume > amber perfume"
        },
        {
          "name": "Save 15% on 100s of fragrances",
          "label": "fragrance > fragrance offers > Save 15% on 100s of fragrances"
        },
        {
          "name": "all perfumes",
          "label": "gift > gifts for her > all perfumes"
        },
        {
          "name": "wedding gifts",
          "label": "gift > gift by occasion > wedding gifts"
        }
      ]
    ],
    "reviews": {
      "average": 4.69,
      "count": 498,
      "rounded": 4
    },
    "parent": {
      "product": "1374466",
      "partNumber": "10162577.P",
      "model": "10162577",
      "manufacturerModel": "1537083"
    },
    "images": {
      "thumbnail": "https://boots.scene7.com/is/image/Boots/10162577?wid=45&hei=60&op_sharpen=1"
    },
    "offers": [
      {
        "text": "Save up to 20 percent on selected fragrances"
      }
    ],
    "actions": {},
    "iconUri": "https://boots.scene7.com/is/image/Boots/10162577?op_sharpen=1",
    "title": "Giorgio Armani Sì Eau de Parfum 30ml",
    "referenceUri": "/giorgio-armani-si-eau-de-parfum-30ml-10162577",
    "canAddToBasket": "yes",
    "opticians": false,
    "inStock": true,
    "expressDelivery": false,
    "hasOtherPromotion": true,
    "channelPromotionalTextMap": {
      "-1": [
        "Save up to 20 percent on selected fragrances"
      ],
      "-6": [
        "Save up to 20 percent on selected fragrances"
      ]
    },
    "adCardPoints": 168
  },
  {
    "_id": {
      "$oid": "65ec108d9884656b92f557a0"
    },
    "ppuQuantity": "30ML",
    "pricing": {
      "perUnit": "£220.00 per 100ML",
      "regular": {
        "value": 66,
        "currency": "GBP",
        "text": "£66.00"
      },
      "current": {
        "value": 66,
        "currency": "GBP",
        "text": "£66.00"
      }
    },
    "objectId": "2779679",
    "brand": "Carolina Herrera",
    "attributes": {
      "fragrance_scent": "floral",
      "product_type": "body spray",
      "StockOverrideMessage": "STOCK_COMING_SOON",
      "gender": "womens",
      "fragrance_type": "eau de cologne",
      "hasPriceAdvantageDeal": false,
      "ProductReviewFlag": "1"
    },
    "variants": {
      "colours": [],
      "hasColours": false,
      "hasSizes": false
    },
    "categories": [
      [
        {
          "name": "fragrance",
          "label": "fragrance"
        },
        {
          "name": "gift",
          "label": "gift"
        }
      ],
      [
        {
          "name": "5* rated perfumes & aftershaves",
          "label": "fragrance > 5* rated perfumes & aftershaves"
        },
        {
          "name": "perfume",
          "label": "fragrance > perfume"
        },
        {
          "name": "gifts for her",
          "label": "gift > gifts for her"
        },
        {
          "name": "luxury fragrance",
          "label": "fragrance > luxury fragrance"
        }
      ],
      [
        {
          "name": "all perfumes",
          "label": "fragrance > perfume > all perfumes"
        },
        {
          "name": "floral perfume",
          "label": "fragrance > perfume > floral perfume"
        },
        {
          "name": "all perfumes",
          "label": "gift > gifts for her > all perfumes"
        }
      ]
    ],
    "reviews": {
      "average": 4.54,
      "count": 1319,
      "rounded": 4
    },
    "parent": {
      "product": "2779678",
      "partNumber": "10322864.P",
      "model": "10322864",
      "manufacturerModel": "5268184"
    },
    "images": {
      "thumbnail": "https://boots.scene7.com/is/image/Boots/10322864?wid=45&hei=60&op_sharpen=1"
    },
    "offers": [],
    "actions": {},
    "iconUri": "https://boots.scene7.com/is/image/Boots/10322864?op_sharpen=1",
    "title": "Carolina Herrera Good Girl Blush Eau de Parfum 30ml",
    "referenceUri": "/carolina-herrera-good-girl-blush-eau-de-parfum-30ml-10322864",
    "canAddToBasket": "yes",
    "opticians": false,
    "inStock": true,
    "expressDelivery": false,
    "hasOtherPromotion": false,
    "channelPromotionalTextMap": {
      "-1": [],
      "-6": []
    },
    "adCardPoints": 198
  },
  {
    "_id": {
      "$oid": "65ec108d9884656b92f557a1"
    },
    "ppuQuantity": "30ML",
    "pricing": {
      "perUnit": "£46.67 per 100ML",
      "regular": {
        "value": 28,
        "currency": "GBP",
        "text": "£28.00"
      },
      "current": {
        "value": 14,
        "currency": "GBP",
        "text": "£14.00"
      },
      "saving": {
        "value": 14,
        "currency": "GBP",
        "text": "£14.00"
      }
    },
    "objectId": "36559",
    "brand": "Britney Spears",
    "attributes": {
      "fragrance_scent": [
        "vanilla",
        "musk",
        "fruity",
        "amber",
        "sweet"
      ],
      "StockOverrideMessage": "SOLD_OUT",
      "gender": "womens",
      "size": "21-30",
      "Size": "30ml",
      "parentCategory_UK": "33071",
      "fragrance_type": "eau de parfum",
      "hasPriceAdvantageDeal": false,
      "Reporting_Category": "fragrance",
      "ProductReviewFlag": "1"
    },
    "variants": {
      "colours": [],
      "hasColours": false,
      "hasSizes": false
    },
    "categories": [
      [
        {
          "name": "fragrance",
          "label": "fragrance"
        },
        {
          "name": "gift",
          "label": "gift"
        }
      ],
      [
        {
          "name": "5* rated perfumes & aftershaves",
          "label": "fragrance > 5* rated perfumes & aftershaves"
        },
        {
          "name": "perfume",
          "label": "fragrance > perfume"
        },
        {
          "name": "fragrance offers",
          "label": "fragrance > fragrance offers"
        },
        {
          "name": "gifts for her",
          "label": "gift > gifts for her"
        },
        {
          "name": "celebrity fragrance",
          "label": "fragrance > celebrity fragrance"
        }
      ],
      [
        {
          "name": "all perfumes",
          "label": "fragrance > perfume > all perfumes"
        },
        {
          "name": "vanilla perfume",
          "label": "fragrance > perfume > vanilla perfume"
        },
        {
          "name": "musky perfume",
          "label": "fragrance > perfume > musky perfume"
        },
        {
          "name": "amber perfume",
          "label": "fragrance > perfume > amber perfume"
        },
        {
          "name": "save up to half price",
          "label": "fragrance > fragrance offers > save up to half price"
        },
        {
          "name": "save up to 20% on fragrance",
          "label": "fragrance > fragrance offers > save up to 20% on fragrance"
        },
        {
          "name": "all perfumes",
          "label": "gift > gifts for her > all perfumes"
        }
      ]
    ],
    "reviews": {
      "average": 4.53,
      "count": 160,
      "rounded": 4
    },
    "parent": {
      "product": "36558",
      "partNumber": "10062348.P",
      "model": "10062348",
      "manufacturerModel": "5155436"
    },
    "images": {
      "thumbnail": "https://boots.scene7.com/is/image/Boots/10062348?wid=45&hei=60&op_sharpen=1"
    },
    "offers": [
      {
        "text": "Save up to 1/2 price on selected fragrances"
      }
    ],
    "actions": {},
    "iconUri": "https://boots.scene7.com/is/image/Boots/10062348?op_sharpen=1",
    "title": "Britney Spears Midnight Fantasy Eau de Parfum 30ml",
    "referenceUri": "/britney-spears-midnight-fantasy-eau-de-parfum-30ml-10062348",
    "canAddToBasket": "yes",
    "opticians": false,
    "inStock": true,
    "expressDelivery": false,
    "hasOtherPromotion": true,
    "channelPromotionalTextMap": {
      "-1": [
        "Save up to 1/2 price on selected fragrances"
      ],
      "-6": [
        "Save up to 1/2 price on selected fragrances"
      ]
    },
    "adCardPoints": 42
  },
  {
    "_id": {
      "$oid": "65ec108d9884656b92f557a2"
    },
    "ppuQuantity": "100ML",
    "pricing": {
      "perUnit": "£59.20 per 100ML",
      "regular": {
        "value": 74,
        "currency": "GBP",
        "text": "£74.00"
      },
      "current": {
        "value": 59.2,
        "currency": "GBP",
        "text": "£59.20"
      },
      "saving": {
        "value": 14.8,
        "currency": "GBP",
        "text": "£14.80"
      }
    },
    "objectId": "2289961",
    "brand": "Estee Lauder",
    "attributes": {
      "fragrance_scent": "vanilla",
      "size": "71-100",
      "StockOverrideMessage": "STOCK_COMING_SOON",
      "format": "spray",
      "fragrance_type": "eau de toilette",
      "hasPriceAdvantageDeal": false,
      "Reporting_Category": "fragrance",
      "ProductReviewFlag": "1"
    },
    "variants": {
      "colours": [],
      "hasColours": false,
      "hasSizes": false
    },
    "categories": [
      [
        {
          "name": "fragrance",
          "label": "fragrance"
        },
        {
          "name": "beauty & skincare",
          "label": "beauty & skincare"
        },
        {
          "name": "gift",
          "label": "gift"
        }
      ],
      [
        {
          "name": "perfume",
          "label": "fragrance > perfume"
        },
        {
          "name": "premium beauty & skincare",
          "label": "beauty & skincare > premium beauty & skincare"
        },
        {
          "name": "gifts for her",
          "label": "gift > gifts for her"
        }
      ],
      [
        {
          "name": "save up to 25% across selected premium beauty and No7",
          "label": "beauty & skincare > premium beauty & skincare > save up to 25% across selected premium beauty and No7"
        },
        {
          "name": "all perfumes",
          "label": "fragrance > perfume > all perfumes"
        },
        {
          "name": "vanilla perfume",
          "label": "fragrance > perfume > vanilla perfume"
        },
        {
          "name": "all perfumes",
          "label": "gift > gifts for her > all perfumes"
        }
      ]
    ],
    "reviews": {
      "average": 4.46,
      "count": 584,
      "rounded": 4
    },
    "parent": {
      "product": "2289960",
      "partNumber": "10266427.P",
      "model": "10266427",
      "manufacturerModel": "8589852"
    },
    "images": {
      "thumbnail": "https://boots.scene7.com/is/image/Boots/10266427?wid=45&hei=60&op_sharpen=1"
    },
    "offers": [
      {
        "text": "Save up to 25 percent across selected Premium Beauty"
      }
    ],
    "actions": {},
    "iconUri": "https://boots.scene7.com/is/image/Boots/10266427?op_sharpen=1",
    "title": "Estée Lauder Bronze Goddess Eau Fraîche Skinscent 100ml",
    "referenceUri": "/estee-lauder-bronze-goddess-eau-fra%C3%AEche-skinscent-100ml-10266427",
    "canAddToBasket": "yes",
    "opticians": false,
    "inStock": true,
    "expressDelivery": false,
    "hasOtherPromotion": true,
    "channelPromotionalTextMap": {
      "-1": [
        "Save up to 25 percent across selected Premium Beauty"
      ],
      "-6": [
        "Save up to 25 percent across selected Premium Beauty"
      ]
    },
    "adCardPoints": 177
  },
  {
    "_id": {
      "$oid": "65ec108d9884656b92f557a3"
    },
    "ppuQuantity": "100ML",
    "pricing": {
      "perUnit": "£93.50 per 100ML",
      "regular": {
        "value": 110,
        "currency": "GBP",
        "text": "£110.00"
      },
      "current": {
        "value": 93.5,
        "currency": "GBP",
        "text": "£93.50"
      },
      "saving": {
        "value": 16.5,
        "currency": "GBP",
        "text": "£16.50"
      }
    },
    "objectId": "2513001",
    "brand": "Mugler",
    "attributes": {
      "fragrance_scent": [
        "woody",
        "floral",
        "amber",
        "jasmine"
      ],
      "gender": "womens",
      "StockOverrideMessage": "STOCK_COMING_SOON",
      "size": "71-100",
      "recipient": "gifts for women",
      "fragrance_type": "eau de parfum",
      "hasPriceAdvantageDeal": false,
      "Reporting_Category": "fragrance",
      "gift_type": "fragrance gifts",
      "ProductReviewFlag": "1"
    },
    "variants": {
      "colours": [],
      "hasColours": false,
      "hasSizes": false
    },
    "categories": [
      [
        {
          "name": "gift",
          "label": "gift"
        },
        {
          "name": "fragrance",
          "label": "fragrance"
        }
      ],
      [
        {
          "name": "all gifts",
          "label": "gift > all gifts"
        },
        {
          "name": "perfume",
          "label": "fragrance > perfume"
        },
        {
          "name": "fragrance offers",
          "label": "fragrance > fragrance offers"
        },
        {
          "name": "gifts for her",
          "label": "gift > gifts for her"
        },
        {
          "name": "5* rated perfumes & aftershaves",
          "label": "fragrance > 5* rated perfumes & aftershaves"
        }
      ],
      [
        {
          "name": "all perfumes",
          "label": "fragrance > perfume > all perfumes"
        },
        {
          "name": "floral perfume",
          "label": "fragrance > perfume > floral perfume"
        },
        {
          "name": "amber perfume",
          "label": "fragrance > perfume > amber perfume"
        },
        {
          "name": "perfume refill bottles",
          "label": "fragrance > perfume > perfume refill bottles"
        },
        {
          "name": "personalise your perfect gift",
          "label": "fragrance > fragrance offers > personalise your perfect gift"
        },
        {
          "name": "all perfumes",
          "label": "gift > gifts for her > all perfumes"
        }
      ]
    ],
    "reviews": {
      "average": 4.94,
      "count": 49,
      "rounded": 4
    },
    "parent": {
      "product": "2513000",
      "partNumber": "10292972.P",
      "model": "10292972",
      "manufacturerModel": "3027066"
    },
    "images": {
      "thumbnail": "https://boots.scene7.com/is/image/Boots/10292972?wid=45&hei=60&op_sharpen=1"
    },
    "offers": [
      {
        "text": "Free gift when you buy selected Mugler - whilst stocks last"
      },
      {
        "text": "Save up to 20 percent on selected fragrances"
      }
    ],
    "actions": {},
    "iconUri": "https://boots.scene7.com/is/image/Boots/10292972?op_sharpen=1",
    "title": "MUGLER Alien Eau de Parfum Refill Bottle 100ml",
    "referenceUri": "/mugler-alien-eau-de-parfum-100ml-refill-bottle-10292972",
    "canAddToBasket": "yes",
    "opticians": false,
    "inStock": true,
    "expressDelivery": false,
    "hasOtherPromotion": true,
    "channelPromotionalTextMap": {
      "-1": [
        "Free gift when you buy selected Mugler - whilst stocks last",
        "Save up to 20 percent on selected fragrances"
      ],
      "-6": [
        "Free gift when you buy selected Mugler - whilst stocks last",
        "Save up to 20 percent on selected fragrances"
      ]
    },
    "adCardPoints": 279
  },
  {
    "_id": {
      "$oid": "65ec108d9884656b92f557a4"
    },
    "ppuQuantity": "100ML",
    "pricing": {
      "perUnit": "£88.40 per 100ML",
      "regular": {
        "value": 104,
        "currency": "GBP",
        "text": "£104.00"
      },
      "current": {
        "value": 88.4,
        "currency": "GBP",
        "text": "£88.40"
      },
      "saving": {
        "value": 15.6,
        "currency": "GBP",
        "text": "£15.60"
      }
    },
    "objectId": "18074",
    "brand": "Jean Paul Gaultier",
    "attributes": {
      "fragrance_scent": [
        "fruity",
        "amber",
        "vanilla"
      ],
      "size": "71-100",
      "gender": "womens",
      "StockOverrideMessage": "STOCK_COMING_SOON",
      "Size": [
        "100 ml",
        "100ml"
      ],
      "parentCategory_UK": "33071",
      "fragrance_type": "eau de toilette",
      "hasPriceAdvantageDeal": false,
      "Reporting_Category": "fragrance",
      "ProductReviewFlag": "1"
    },
    "variants": {
      "colours": [],
      "hasColours": false,
      "hasSizes": false
    },
    "categories": [
      [
        {
          "name": "fragrance",
          "label": "fragrance"
        },
        {
          "name": "gift",
          "label": "gift"
        }
      ],
      [
        {
          "name": "perfume",
          "label": "fragrance > perfume"
        },
        {
          "name": "gifts for her",
          "label": "gift > gifts for her"
        }
      ],
      [
        {
          "name": "all perfumes",
          "label": "fragrance > perfume > all perfumes"
        },
        {
          "name": "vanilla perfume",
          "label": "fragrance > perfume > vanilla perfume"
        },
        {
          "name": "amber perfume",
          "label": "fragrance > perfume > amber perfume"
        },
        {
          "name": "all perfumes",
          "label": "gift > gifts for her > all perfumes"
        }
      ]
    ],
    "reviews": {
      "average": 4.78,
      "count": 147,
      "rounded": 4
    },
    "parent": {
      "product": "18073",
      "partNumber": "10045291.P",
      "model": "10045291",
      "manufacturerModel": "4174534"
    },
    "images": {
      "thumbnail": "https://boots.scene7.com/is/image/Boots/10045291?wid=45&hei=60&op_sharpen=1"
    },
    "offers": [
      {
        "text": "Save 15 percent on selected fragrance"
      }
    ],
    "actions": {},
    "iconUri": "https://boots.scene7.com/is/image/Boots/10045291?op_sharpen=1",
    "title": "Jean Paul Gaultier Classique For Women Eau de Toilette 100ml",
    "referenceUri": "/jean-paul-gaultier-classique-eau-de-toilette-spray-100ml-10045291",
    "canAddToBasket": "yes",
    "opticians": false,
    "inStock": true,
    "expressDelivery": false,
    "hasOtherPromotion": true,
    "channelPromotionalTextMap": {
      "-1": [
        "Save 15 percent on selected fragrance"
      ],
      "-6": [
        "Save 15 percent on selected fragrance"
      ]
    },
    "adCardPoints": 264
  },
  {
    "_id": {
      "$oid": "65ec108d9884656b92f557a5"
    },
    "ppuQuantity": "50ML",
    "pricing": {
      "perUnit": "£149.60 per 100ML",
      "regular": {
        "value": 88,
        "currency": "GBP",
        "text": "£88.00"
      },
      "current": {
        "value": 74.8,
        "currency": "GBP",
        "text": "£74.80"
      },
      "saving": {
        "value": 13.2,
        "currency": "GBP",
        "text": "£13.20"
      }
    },
    "objectId": "2488022",
    "brand": "Jean Paul Gaultier",
    "attributes": {
      "fragrance_scent": "amber",
      "StockOverrideMessage": "STOCK_COMING_SOON",
      "size": "41-50",
      "gender": "womens",
      "fragrance_type": "eau de parfum",
      "hasPriceAdvantageDeal": false,
      "Reporting_Category": "fragrance",
      "ProductReviewFlag": "1"
    },
    "variants": {
      "colours": [],
      "hasColours": false,
      "hasSizes": false
    },
    "categories": [
      [
        {
          "name": "fragrance",
          "label": "fragrance"
        },
        {
          "name": "gift",
          "label": "gift"
        }
      ],
      [
        {
          "name": "5* rated perfumes & aftershaves",
          "label": "fragrance > 5* rated perfumes & aftershaves"
        },
        {
          "name": "perfume",
          "label": "fragrance > perfume"
        },
        {
          "name": "gifts for her",
          "label": "gift > gifts for her"
        }
      ],
      [
        {
          "name": "all perfumes",
          "label": "fragrance > perfume > all perfumes"
        },
        {
          "name": "amber perfume",
          "label": "fragrance > perfume > amber perfume"
        },
        {
          "name": "all perfumes",
          "label": "gift > gifts for her > all perfumes"
        }
      ]
    ],
    "reviews": {
      "average": 4.73,
      "count": 1042,
      "rounded": 4
    },
    "parent": {
      "product": "2488021",
      "partNumber": "10290750.P",
      "model": "10290750",
      "manufacturerModel": "2345315"
    },
    "images": {
      "thumbnail": "https://boots.scene7.com/is/image/Boots/10290750?wid=45&hei=60&op_sharpen=1"
    },
    "offers": [
      {
        "text": "Save up to 20 percent on selected fragrances"
      }
    ],
    "actions": {},
    "iconUri": "https://boots.scene7.com/is/image/Boots/10290750?op_sharpen=1",
    "title": "Jean Paul Gaultier La Belle Le Parfum Eau de Parfum 50ml",
    "referenceUri": "/jean-paul-gaultier-la-belle-le-parfum-eau-de-parfum-50ml--10290750",
    "canAddToBasket": "yes",
    "opticians": false,
    "inStock": true,
    "expressDelivery": false,
    "hasOtherPromotion": true,
    "channelPromotionalTextMap": {
      "-1": [
        "Save up to 20 percent on selected fragrances"
      ],
      "-6": [
        "Save up to 20 percent on selected fragrances"
      ]
    },
    "adCardPoints": 222
  },
  {
    "_id": {
      "$oid": "65ec108d9884656b92f557a6"
    },
    "ppuQuantity": "100ML",
    "pricing": {
      "perUnit": "£110.50 per 100ML",
      "regular": {
        "value": 130,
        "currency": "GBP",
        "text": "£130.00"
      },
      "current": {
        "value": 110.5,
        "currency": "GBP",
        "text": "£110.50"
      },
      "saving": {
        "value": 19.5,
        "currency": "GBP",
        "text": "£19.50"
      }
    },
    "objectId": "2095947",
    "brand": "Giorgio Armani",
    "attributes": {
      "fragrance_scent": [
        "floral",
        "fruity",
        "spicy",
        "vanilla",
        "jasmine"
      ],
      "gender": "womens",
      "StockOverrideMessage": "STOCK_COMING_SOON",
      "size": "71-100",
      "fragrance_type": "eau de parfum",
      "hasPriceAdvantageDeal": false,
      "Reporting_Category": "fragrance",
      "ProductReviewFlag": "1"
    },
    "variants": {
      "colours": [],
      "hasColours": false,
      "hasSizes": false
    },
    "categories": [
      [
        {
          "name": "fragrance",
          "label": "fragrance"
        },
        {
          "name": "gift",
          "label": "gift"
        }
      ],
      [
        {
          "name": "5* rated perfumes & aftershaves",
          "label": "fragrance > 5* rated perfumes & aftershaves"
        },
        {
          "name": "perfume",
          "label": "fragrance > perfume"
        },
        {
          "name": "fragrance offers",
          "label": "fragrance > fragrance offers"
        },
        {
          "name": "gifts for her",
          "label": "gift > gifts for her"
        }
      ],
      [
        {
          "name": "all perfumes",
          "label": "fragrance > perfume > all perfumes"
        },
        {
          "name": "vanilla perfume",
          "label": "fragrance > perfume > vanilla perfume"
        },
        {
          "name": "floral perfume",
          "label": "fragrance > perfume > floral perfume"
        },
        {
          "name": "save up to 20% on fragrance",
          "label": "fragrance > fragrance offers > save up to 20% on fragrance"
        },
        {
          "name": "Save 15% on 100s of fragrances",
          "label": "fragrance > fragrance offers > Save 15% on 100s of fragrances"
        },
        {
          "name": "all perfumes",
          "label": "gift > gifts for her > all perfumes"
        }
      ]
    ],
    "reviews": {
      "average": 4.68,
      "count": 4897,
      "rounded": 4
    },
    "parent": {
      "product": "2095946",
      "partNumber": "10243536.P",
      "model": "10243536",
      "manufacturerModel": "8090963"
    },
    "images": {
      "thumbnail": "https://boots.scene7.com/is/image/Boots/10243536?wid=45&hei=60&op_sharpen=1"
    },
    "offers": [
      {
        "text": "Free Giorgio Armani Black Premium Pouch when you buy Giorgio Armani Si 100ml or above - whilst stocks last"
      },
      {
        "text": "Free Giorgio Armani Valentines Day Lip Power Mini 104 when you buy Giorgio Armani Si 100ml or above - whilst stocks last"
      },
      {
        "text": "Free Giorgio Armani Si Eau de Parfum 15ml when you buy Giorgio Armani Si 50ml or above - whilst stocks last"
      },
      {
        "text": "Save up to 20 percent on selected fragrances"
      }
    ],
    "actions": {},
    "iconUri": "https://boots.scene7.com/is/image/Boots/10243536?op_sharpen=1",
    "title": "Giorgio Armani Si Passione Eau de Parfum 100ml",
    "referenceUri": "/giorgio-armani-si-passione-eau-de-parfum-100ml-10243536",
    "canAddToBasket": "yes",
    "opticians": false,
    "inStock": true,
    "expressDelivery": false,
    "hasOtherPromotion": true,
    "channelPromotionalTextMap": {
      "-1": [
        "Free Giorgio Armani Black Premium Pouch when you buy Giorgio Armani Si 100ml or above - whilst stocks last",
        "Free Giorgio Armani Valentines Day Lip Power Mini 104 when you buy Giorgio Armani Si 100ml or above - whilst stocks last",
        "Free Giorgio Armani Si Eau de Parfum 15ml when you buy Giorgio Armani Si 50ml or above - whilst stocks last",
        "Save up to 20 percent on selected fragrances"
      ],
      "-6": [
        "Free Giorgio Armani Black Premium Pouch when you buy Giorgio Armani Si 100ml or above - whilst stocks last",
        "Free Giorgio Armani Valentines Day Lip Power Mini 104 when you buy Giorgio Armani Si 100ml or above - whilst stocks last",
        "Free Giorgio Armani Si Eau de Parfum 15ml when you buy Giorgio Armani Si 50ml or above - whilst stocks last",
        "Save up to 20 percent on selected fragrances"
      ]
    },
    "adCardPoints": 330
  },
  {
    "_id": {
      "$oid": "65ec108d9884656b92f557a7"
    },
    "ppuQuantity": "50ML",
    "pricing": {
      "perUnit": "£28.98 per 100ML",
      "regular": {
        "value": 14.49,
        "currency": "GBP",
        "text": "£14.49"
      },
      "current": {
        "value": 14.49,
        "currency": "GBP",
        "text": "£14.49"
      }
    },
    "objectId": "1002456",
    "brand": "L'Aimant",
    "attributes": {
      "fragrance_scent": "floral",
      "StockOverrideMessage": "STOCK_COMING_SOON",
      "size": "41-50",
      "gender": "womens",
      "Size": "50ml",
      "parentCategory_UK": "33046",
      "fragrance_type": "eau de toilette",
      "hasPriceAdvantageDeal": false,
      "Reporting_Category": "fragrance",
      "ProductReviewFlag": "1"
    },
    "variants": {
      "colours": [],
      "hasColours": false,
      "hasSizes": false
    },
    "categories": [
      [
        {
          "name": "fragrance",
          "label": "fragrance"
        },
        {
          "name": "gift",
          "label": "gift"
        }
      ],
      [
        {
          "name": "5* rated perfumes & aftershaves",
          "label": "fragrance > 5* rated perfumes & aftershaves"
        },
        {
          "name": "perfume",
          "label": "fragrance > perfume"
        },
        {
          "name": "fragrance offers",
          "label": "fragrance > fragrance offers"
        },
        {
          "name": "gifts for her",
          "label": "gift > gifts for her"
        }
      ],
      [
        {
          "name": "all perfumes",
          "label": "fragrance > perfume > all perfumes"
        },
        {
          "name": "floral perfume",
          "label": "fragrance > perfume > floral perfume"
        },
        {
          "name": "save up to 20% on fragrance",
          "label": "fragrance > fragrance offers > save up to 20% on fragrance"
        },
        {
          "name": "Save 15% on 100s of fragrances",
          "label": "fragrance > fragrance offers > Save 15% on 100s of fragrances"
        },
        {
          "name": "all perfumes",
          "label": "gift > gifts for her > all perfumes"
        }
      ]
    ],
    "reviews": {
      "average": 4.59,
      "count": 32,
      "rounded": 4
    },
    "parent": {
      "product": "1002455",
      "partNumber": "10097087.P",
      "model": "10097087",
      "manufacturerModel": "2467062"
    },
    "images": {
      "thumbnail": "https://boots.scene7.com/is/image/Boots/10097087?wid=45&hei=60&op_sharpen=1"
    },
    "offers": [],
    "actions": {},
    "iconUri": "https://boots.scene7.com/is/image/Boots/10097087?op_sharpen=1",
    "title": "Coty L'Aimant Parfum de Toilette Spray 50ml",
    "referenceUri": "/coty-laimant-parfum-de-toilette-spray-50ml-10097087",
    "canAddToBasket": "yes",
    "opticians": false,
    "inStock": true,
    "expressDelivery": false,
    "hasOtherPromotion": false,
    "channelPromotionalTextMap": {
      "-1": [],
      "-6": []
    },
    "adCardPoints": 42
  },
  {
    "_id": {
      "$oid": "65ec108d9884656b92f557a8"
    },
    "ppuQuantity": "100ML",
    "pricing": {
      "perUnit": "£53.00 per 100ML",
      "regular": {
        "value": 53,
        "currency": "GBP",
        "text": "£53.00"
      },
      "current": {
        "value": 53,
        "currency": "GBP",
        "text": "£53.00"
      }
    },
    "objectId": "2220136",
    "brand": "Ariana Grande",
    "attributes": {
      "fragrance_scent": [
        "vanilla",
        "musk",
        "floral"
      ],
      "size": "71-100",
      "gender": "womens",
      "StockOverrideMessage": "STOCK_COMING_SOON",
      "fragrance_type": "eau de parfum",
      "hasPriceAdvantageDeal": false,
      "ProductReviewFlag": "1"
    },
    "variants": {
      "colours": [],
      "hasColours": false,
      "hasSizes": false
    },
    "categories": [
      [
        {
          "name": "fragrance",
          "label": "fragrance"
        },
        {
          "name": "gift",
          "label": "gift"
        }
      ],
      [
        {
          "name": "5* rated perfumes & aftershaves",
          "label": "fragrance > 5* rated perfumes & aftershaves"
        },
        {
          "name": "perfume",
          "label": "fragrance > perfume"
        },
        {
          "name": "gifts for her",
          "label": "gift > gifts for her"
        },
        {
          "name": "celebrity fragrance",
          "label": "fragrance > celebrity fragrance"
        }
      ],
      [
        {
          "name": "all perfumes",
          "label": "fragrance > perfume > all perfumes"
        },
        {
          "name": "all perfumes",
          "label": "gift > gifts for her > all perfumes"
        }
      ]
    ],
    "reviews": {
      "average": 4.48,
      "count": 79,
      "rounded": 4
    },
    "parent": {
      "product": "2220135",
      "partNumber": "10259503.P",
      "model": "10259503",
      "manufacturerModel": "8423806"
    },
    "images": {
      "thumbnail": "https://boots.scene7.com/is/image/Boots/10259503?wid=45&hei=60&op_sharpen=1"
    },
    "offers": [],
    "actions": {},
    "iconUri": "https://boots.scene7.com/is/image/Boots/10259503?op_sharpen=1",
    "title": "Ariana Grande Cloud Eau de Parfum 100ml",
    "referenceUri": "/ariana-grande-cloud-eau-de-parfum-100ml-10259503",
    "canAddToBasket": "yes",
    "opticians": false,
    "inStock": true,
    "expressDelivery": false,
    "hasOtherPromotion": false,
    "channelPromotionalTextMap": {
      "-1": [],
      "-6": []
    },
    "adCardPoints": 159
  },
  {
    "_id": {
      "$oid": "65ec108d9884656b92f557a9"
    },
    "ppuQuantity": "35ML",
    "pricing": {
      "perUnit": "£156.63 per 100ML",
      "regular": {
        "value": 64.5,
        "currency": "GBP",
        "text": "£64.50"
      },
      "current": {
        "value": 54.82,
        "currency": "GBP",
        "text": "£54.82"
      },
      "saving": {
        "value": 9.68,
        "currency": "GBP",
        "text": "£9.68"
      }
    },
    "objectId": "2533958",
    "brand": "Givenchy",
    "attributes": {
      "fragrance_scent": [
        "floral",
        "woody",
        "spicy"
      ],
      "size": "31-40",
      "StockOverrideMessage": "STOCK_COMING_SOON",
      "fragrance_type": "eau de parfum",
      "hasPriceAdvantageDeal": false,
      "Reporting_Category": "fragrance",
      "ProductReviewFlag": "1"
    },
    "variants": {
      "colours": [],
      "hasColours": false,
      "hasSizes": false
    },
    "categories": [
      [
        {
          "name": "fragrance",
          "label": "fragrance"
        },
        {
          "name": "gift",
          "label": "gift"
        },
        {
          "name": "beauty & skincare",
          "label": "beauty & skincare"
        }
      ],
      [
        {
          "name": "perfume",
          "label": "fragrance > perfume"
        },
        {
          "name": "gifts for her",
          "label": "gift > gifts for her"
        },
        {
          "name": "beauty minis",
          "label": "beauty & skincare > beauty minis"
        }
      ],
      [
        {
          "name": "all perfumes",
          "label": "fragrance > perfume > all perfumes"
        },
        {
          "name": "floral perfume",
          "label": "fragrance > perfume > floral perfume"
        },
        {
          "name": "all perfumes",
          "label": "gift > gifts for her > all perfumes"
        }
      ]
    ],
    "reviews": {
      "average": 4.36,
      "count": 738,
      "rounded": 4
    },
    "parent": {
      "product": "2533957",
      "partNumber": "10294775.P",
      "model": "10294775",
      "manufacturerModel": "4118804"
    },
    "images": {
      "thumbnail": "https://boots.scene7.com/is/image/Boots/10294775?wid=45&hei=60&op_sharpen=1"
    },
    "offers": [
      {
        "text": "Save up to 20 percent on selected fragrances"
      }
    ],
    "actions": {},
    "iconUri": "https://boots.scene7.com/is/image/Boots/10294775?op_sharpen=1",
    "title": "Givenchy L'Interdit Eau de Parfum Rouge 35ml",
    "referenceUri": "/givenchy-linterdit-rouge-eau-de-parfum-35ml-10294775",
    "canAddToBasket": "yes",
    "opticians": false,
    "inStock": true,
    "expressDelivery": false,
    "hasOtherPromotion": true,
    "channelPromotionalTextMap": {
      "-1": [
        "Save up to 20 percent on selected fragrances"
      ],
      "-6": [
        "Save up to 20 percent on selected fragrances"
      ]
    },
    "adCardPoints": 162
  },
  {
    "_id": {
      "$oid": "65ec108d9884656b92f557aa"
    },
    "ppuQuantity": "50ML",
    "pricing": {
      "perUnit": "£83.20 per 100ML",
      "regular": {
        "value": 52,
        "currency": "GBP",
        "text": "£52.00"
      },
      "current": {
        "value": 41.6,
        "currency": "GBP",
        "text": "£41.60"
      },
      "saving": {
        "value": 10.4,
        "currency": "GBP",
        "text": "£10.40"
      }
    },
    "objectId": "2941320",
    "brand": "Lacoste",
    "attributes": {
      "fragrance_scent": "fruity",
      "gender": "womens",
      "StockOverrideMessage": "STOCK_COMING_SOON",
      "size": "41-50",
      "fragrance_type": "eau de toilette",
      "hasPriceAdvantageDeal": false,
      "ProductReviewFlag": "1"
    },
    "variants": {
      "colours": [],
      "hasColours": false,
      "hasSizes": false
    },
    "categories": [
      [
        {
          "name": "new in",
          "label": "new in"
        },
        {
          "name": "fragrance",
          "label": "fragrance"
        },
        {
          "name": "gift",
          "label": "gift"
        }
      ],
      [
        {
          "name": "new in fragrance",
          "label": "new in > new in fragrance"
        },
        {
          "name": "perfume",
          "label": "fragrance > perfume"
        },
        {
          "name": "gifts for her",
          "label": "gift > gifts for her"
        },
        {
          "name": "new in fragrance",
          "label": "fragrance > new in fragrance"
        }
      ],
      [
        {
          "name": "all perfumes",
          "label": "fragrance > perfume > all perfumes"
        },
        {
          "name": "all perfumes",
          "label": "gift > gifts for her > all perfumes"
        }
      ]
    ],
    "reviews": {
      "average": null,
      "count": null,
      "rounded": null
    },
    "parent": {
      "product": "2941319",
      "partNumber": "10340986.P",
      "model": "10340986",
      "manufacturerModel": "2547058"
    },
    "images": {
      "thumbnail": "https://boots.scene7.com/is/image/Boots/10340986?wid=45&hei=60&op_sharpen=1"
    },
    "offers": [
      {
        "text": "Save up to 20 percent on selected fragrances"
      }
    ],
    "actions": {},
    "iconUri": "https://boots.scene7.com/is/image/Boots/10340986?op_sharpen=1",
    "title": "Lacoste Touch of Pink Eau de Toilette 50ml",
    "referenceUri": "/lacoste-touch-of-pink-eau-de-toilette-50ml-10340986",
    "canAddToBasket": "yes",
    "opticians": false,
    "inStock": true,
    "expressDelivery": false,
    "hasOtherPromotion": true,
    "channelPromotionalTextMap": {
      "-1": [
        "Save up to 20 percent on selected fragrances"
      ],
      "-6": [
        "Save up to 20 percent on selected fragrances"
      ]
    },
    "adCardPoints": 123
  },
  {
    "_id": {
      "$oid": "65ec108d9884656b92f557ab"
    },
    "ppuQuantity": "100ML",
    "pricing": {
      "perUnit": "£96.90 per 100ML",
      "regular": {
        "value": 114,
        "currency": "GBP",
        "text": "£114.00"
      },
      "current": {
        "value": 96.9,
        "currency": "GBP",
        "text": "£96.90"
      },
      "saving": {
        "value": 17.1,
        "currency": "GBP",
        "text": "£17.10"
      }
    },
    "objectId": "2945",
    "brand": "Christian Dior",
    "attributes": {
      "fragrance_scent": [
        "floral",
        "amber",
        "fruity"
      ],
      "StockOverrideMessage": "SOLD_OUT",
      "size": "71-100",
      "Size": [
        "100ml",
        "100 ml"
      ],
      "parentCategory_UK": "33037",
      "format": "spray",
      "fragrance_type": "eau de toilette",
      "hasPriceAdvantageDeal": false,
      "Reporting_Category": "fragrance",
      "body_area": "body",
      "ProductReviewFlag": "1"
    },
    "variants": {
      "colours": [],
      "hasColours": false,
      "hasSizes": false
    },
    "categories": [
      [
        {
          "name": "fragrance",
          "label": "fragrance"
        },
        {
          "name": "beauty & skincare",
          "label": "beauty & skincare"
        },
        {
          "name": "gift",
          "label": "gift"
        }
      ],
      [
        {
          "name": "5* rated perfumes & aftershaves",
          "label": "fragrance > 5* rated perfumes & aftershaves"
        },
        {
          "name": "premium beauty & skincare",
          "label": "beauty & skincare > premium beauty & skincare"
        },
        {
          "name": "perfume",
          "label": "fragrance > perfume"
        },
        {
          "name": "fragrance offers",
          "label": "fragrance > fragrance offers"
        },
        {
          "name": "gifts for her",
          "label": "gift > gifts for her"
        }
      ],
      [
        {
          "name": "save up to 25% across selected premium beauty and No7",
          "label": "beauty & skincare > premium beauty & skincare > save up to 25% across selected premium beauty and No7"
        },
        {
          "name": "all perfumes",
          "label": "fragrance > perfume > all perfumes"
        },
        {
          "name": "floral perfume",
          "label": "fragrance > perfume > floral perfume"
        },
        {
          "name": "amber perfume",
          "label": "fragrance > perfume > amber perfume"
        },
        {
          "name": "Save 15% on 100s of fragrances",
          "label": "fragrance > fragrance offers > Save 15% on 100s of fragrances"
        },
        {
          "name": "all perfumes",
          "label": "gift > gifts for her > all perfumes"
        }
      ]
    ],
    "reviews": {
      "average": 4.75,
      "count": 156,
      "rounded": 4
    },
    "parent": {
      "product": "2944",
      "partNumber": "10011422.P",
      "model": "10011422",
      "manufacturerModel": "1515055"
    },
    "images": {
      "thumbnail": "https://boots.scene7.com/is/image/Boots/10011422?wid=45&hei=60&op_sharpen=1"
    },
    "offers": [
      {
        "text": "Save up to 25 percent across selected Premium Beauty"
      }
    ],
    "actions": {},
    "iconUri": "https://boots.scene7.com/is/image/Boots/10011422?op_sharpen=1",
    "title": "DIOR Dolce Vita Eau de Toilette Spray 100ml",
    "referenceUri": "/dior-dolce-vita-eau-de-toilette-spray-100ml-10011422",
    "canAddToBasket": "yes",
    "opticians": false,
    "inStock": true,
    "expressDelivery": false,
    "hasOtherPromotion": true,
    "channelPromotionalTextMap": {
      "-1": [
        "Save up to 25 percent across selected Premium Beauty"
      ],
      "-6": [
        "Save up to 25 percent across selected Premium Beauty"
      ]
    },
    "adCardPoints": 288
  },
  {
    "_id": {
      "$oid": "65ec108d9884656b92f557ac"
    },
    "ppuQuantity": "100ML",
    "pricing": {
      "perUnit": "£104.00 per 100ML",
      "regular": {
        "value": 130,
        "currency": "GBP",
        "text": "£130.00"
      },
      "current": {
        "value": 104,
        "currency": "GBP",
        "text": "£104.00"
      },
      "saving": {
        "value": 26,
        "currency": "GBP",
        "text": "£26.00"
      }
    },
    "objectId": "2849621",
    "brand": "Burberry",
    "attributes": {
      "fragrance_scent": [
        "amber",
        "vanilla",
        "aromatic"
      ],
      "product_type": "perfume",
      "StockOverrideMessage": "STOCK_COMING_SOON",
      "gender": "womens",
      "size": "71-100",
      "fragrance_type": "eau de parfum",
      "format": "spray",
      "hasPriceAdvantageDeal": false,
      "ProductReviewFlag": "1"
    },
    "variants": {
      "colours": [],
      "hasColours": false,
      "hasSizes": false
    },
    "categories": [
      [
        {
          "name": "fragrance",
          "label": "fragrance"
        },
        {
          "name": "sun & holiday",
          "label": "sun & holiday"
        },
        {
          "name": "gift",
          "label": "gift"
        },
        {
          "name": "mother's day",
          "label": "mother's day"
        },
        {
          "name": "new in",
          "label": "new in"
        }
      ],
      [
        {
          "name": "perfume",
          "label": "fragrance > perfume"
        },
        {
          "name": "love island",
          "label": "sun & holiday > love island"
        },
        {
          "name": "gifts for her",
          "label": "gift > gifts for her"
        },
        {
          "name": "luxury fragrance",
          "label": "fragrance > luxury fragrance"
        },
        {
          "name": "new in fragrance",
          "label": "fragrance > new in fragrance"
        },
        {
          "name": "shop all",
          "label": "mother's day > shop all"
        },
        {
          "name": "new in fragrance",
          "label": "new in > new in fragrance"
        }
      ],
      [
        {
          "name": "all perfumes",
          "label": "fragrance > perfume > all perfumes"
        },
        {
          "name": "vanilla perfume",
          "label": "fragrance > perfume > vanilla perfume"
        },
        {
          "name": "amber perfume",
          "label": "fragrance > perfume > amber perfume"
        },
        {
          "name": "shop the love island villa",
          "label": "sun & holiday > love island > shop the love island villa"
        },
        {
          "name": "all perfumes",
          "label": "gift > gifts for her > all perfumes"
        }
      ]
    ],
    "reviews": {
      "average": 4.71,
      "count": 1076,
      "rounded": 4
    },
    "parent": {
      "product": "2849620",
      "partNumber": "10330192.P",
      "model": "10330192",
      "manufacturerModel": "5709490"
    },
    "images": {
      "thumbnail": "https://boots.scene7.com/is/image/Boots/10330192?wid=45&hei=60&op_sharpen=1"
    },
    "offers": [
      {
        "text": "Free gift when you buy selected Burberry - whilst stocks last"
      },
      {
        "text": "Save up to 20 percent on selected fragrances"
      }
    ],
    "actions": {},
    "iconUri": "https://boots.scene7.com/is/image/Boots/10330192?op_sharpen=1",
    "title": "Burberry Goddess for Women Eau de Parfum 100ml",
    "referenceUri": "/Burberry-Goddess-for-Women-Eau-de-Parfum-100ml-10330192",
    "canAddToBasket": "yes",
    "opticians": false,
    "inStock": true,
    "expressDelivery": false,
    "hasOtherPromotion": true,
    "channelPromotionalTextMap": {
      "-1": [
        "Free gift when you buy selected Burberry - whilst stocks last",
        "Save up to 20 percent on selected fragrances"
      ],
      "-6": [
        "Free gift when you buy selected Burberry - whilst stocks last",
        "Save up to 20 percent on selected fragrances"
      ]
    },
    "adCardPoints": 312
  },
  {
    "_id": {
      "$oid": "65ec108d9884656b92f557ad"
    },
    "ppuQuantity": "200ML",
    "pricing": {
      "perUnit": "£21.67 per 100ML",
      "regular": {
        "value": 65,
        "currency": "GBP",
        "text": "£65.00"
      },
      "current": {
        "value": 43.33,
        "currency": "GBP",
        "text": "£43.33"
      },
      "saving": {
        "value": 21.67,
        "currency": "GBP",
        "text": "£21.67"
      }
    },
    "objectId": "3941",
    "brand": "Calvin Klein",
    "attributes": {
      "fragrance_scent": [
        "aromatic",
        "musk",
        "citrus"
      ],
      "gender": "unisex",
      "size": [
        "200",
        "151-200"
      ],
      "StockOverrideMessage": "STOCK_COMING_SOON",
      "parentCategory_UK": "33092",
      "recipient": [
        "gifts for women",
        "gifts for men"
      ],
      "fragrance_type": [
        "aftershave",
        "eau de toilette"
      ],
      "hasPriceAdvantageDeal": false,
      "Reporting_Category": "fragrance",
      "gift_type": "fragrance gifts",
      "ProductReviewFlag": "1"
    },
    "variants": {
      "colours": [],
      "hasColours": false,
      "hasSizes": false
    },
    "categories": [
      [
        {
          "name": "men's",
          "label": "men's"
        },
        {
          "name": "toiletries",
          "label": "toiletries"
        },
        {
          "name": "fragrance",
          "label": "fragrance"
        },
        {
          "name": "gift",
          "label": "gift"
        }
      ],
      [
        {
          "name": "aftershave",
          "label": "men's > aftershave"
        },
        {
          "name": "men's toiletries",
          "label": "toiletries > men's toiletries"
        },
        {
          "name": "men's toiletries",
          "label": "men's > men's toiletries"
        },
        {
          "name": "perfume",
          "label": "fragrance > perfume"
        },
        {
          "name": "aftershave",
          "label": "fragrance > aftershave"
        },
        {
          "name": "fragrance offers",
          "label": "fragrance > fragrance offers"
        },
        {
          "name": "recommended",
          "label": "fragrance > recommended"
        },
        {
          "name": "gifts for him",
          "label": "gift > gifts for him"
        },
        {
          "name": "gifts for her",
          "label": "gift > gifts for her"
        }
      ],
      [
        {
          "name": "aftershave",
          "label": "toiletries > men's toiletries > aftershave"
        },
        {
          "name": "aftershave",
          "label": "men's > men's toiletries > aftershave"
        },
        {
          "name": "all perfumes",
          "label": "fragrance > perfume > all perfumes"
        },
        {
          "name": "all aftershave",
          "label": "fragrance > aftershave > all aftershave"
        },
        {
          "name": "save up to half price",
          "label": "fragrance > fragrance offers > save up to half price"
        },
        {
          "name": "save up to 60 percent",
          "label": "fragrance > fragrance offers > save up to 60 percent"
        },
        {
          "name": "top offers for fathers day",
          "label": "fragrance > fragrance offers > top offers for fathers day"
        },
        {
          "name": "save up to 20% on fragrance",
          "label": "fragrance > fragrance offers > save up to 20% on fragrance"
        },
        {
          "name": "Save 15% on 100s of fragrances",
          "label": "fragrance > fragrance offers > Save 15% on 100s of fragrances"
        },
        {
          "name": "unisex fragrance",
          "label": "fragrance > recommended > unisex fragrance"
        },
        {
          "name": "all aftershave",
          "label": "gift > gifts for him > all aftershave"
        },
        {
          "name": "all perfumes",
          "label": "gift > gifts for her > all perfumes"
        },
        {
          "name": "all aftershave",
          "label": "men's > aftershave > all aftershave"
        }
      ],
      [
        {
          "name": "all aftershave",
          "label": "toiletries > men's toiletries > aftershave > all aftershave"
        },
        {
          "name": "all aftershave",
          "label": "men's > men's toiletries > aftershave > all aftershave"
        }
      ]
    ],
    "reviews": {
      "average": 4.62,
      "count": 1462,
      "rounded": 4
    },
    "parent": {
      "product": "3940",
      "partNumber": "10013328.P",
      "model": "10013328",
      "manufacturerModel": "1956906"
    },
    "images": {
      "thumbnail": "https://boots.scene7.com/is/image/Boots/10013328?wid=45&hei=60&op_sharpen=1"
    },
    "offers": [
      {
        "text": "Save up to 1/2 price on selected fragrances"
      }
    ],
    "actions": {},
    "iconUri": "https://boots.scene7.com/is/image/Boots/10013328?op_sharpen=1",
    "title": "Calvin Klein CK One Unisex Eau de Toilette 200ml",
    "referenceUri": "/calvin-klein-ck-one-eau-de-toilette-200ml-10013328",
    "canAddToBasket": "yes",
    "opticians": false,
    "inStock": true,
    "expressDelivery": false,
    "hasOtherPromotion": true,
    "channelPromotionalTextMap": {
      "-1": [
        "Save up to 1/2 price on selected fragrances"
      ],
      "-6": [
        "Save up to 1/2 price on selected fragrances"
      ]
    },
    "adCardPoints": 129
  },
  {
    "_id": {
      "$oid": "65ec108d9884656b92f557ae"
    },
    "ppuQuantity": "50ML",
    "pricing": {
      "perUnit": "£112.00 per 100ML",
      "regular": {
        "value": 70,
        "currency": "GBP",
        "text": "£70.00"
      },
      "current": {
        "value": 56,
        "currency": "GBP",
        "text": "£56.00"
      },
      "saving": {
        "value": 14,
        "currency": "GBP",
        "text": "£14.00"
      }
    },
    "objectId": "33428",
    "brand": "Versace",
    "attributes": {
      "fragrance_scent": [
        "amber",
        "floral",
        "musk"
      ],
      "gender": "womens",
      "StockOverrideMessage": "STOCK_COMING_SOON",
      "size": "41-50",
      "Size": [
        "50ml",
        "50 ml"
      ],
      "parentCategory_UK": "33071",
      "fragrance_type": "eau de toilette",
      "hasPriceAdvantageDeal": false,
      "Reporting_Category": "fragrance",
      "ProductReviewFlag": "1"
    },
    "variants": {
      "colours": [],
      "hasColours": false,
      "hasSizes": false
    },
    "categories": [
      [
        {
          "name": "fragrance",
          "label": "fragrance"
        },
        {
          "name": "gift",
          "label": "gift"
        }
      ],
      [
        {
          "name": "5* rated perfumes & aftershaves",
          "label": "fragrance > 5* rated perfumes & aftershaves"
        },
        {
          "name": "perfume",
          "label": "fragrance > perfume"
        },
        {
          "name": "gifts for her",
          "label": "gift > gifts for her"
        }
      ],
      [
        {
          "name": "all perfumes",
          "label": "fragrance > perfume > all perfumes"
        },
        {
          "name": "musky perfume",
          "label": "fragrance > perfume > musky perfume"
        },
        {
          "name": "floral perfume",
          "label": "fragrance > perfume > floral perfume"
        },
        {
          "name": "amber perfume",
          "label": "fragrance > perfume > amber perfume"
        },
        {
          "name": "all perfumes",
          "label": "gift > gifts for her > all perfumes"
        }
      ]
    ],
    "reviews": {
      "average": 4.62,
      "count": 289,
      "rounded": 4
    },
    "parent": {
      "product": "33427",
      "partNumber": "10060300.P",
      "model": "10060300",
      "manufacturerModel": "2439964"
    },
    "images": {
      "thumbnail": "https://boots.scene7.com/is/image/Boots/10060300?wid=45&hei=60&op_sharpen=1"
    },
    "offers": [
      {
        "text": "Save up to 20 percent on selected fragrances"
      }
    ],
    "actions": {},
    "iconUri": "https://boots.scene7.com/is/image/Boots/10060300?op_sharpen=1",
    "title": "Versace Bright Crystal Eau de Toilette 50ml",
    "referenceUri": "/versace-bright-crystal-eau-de-toilette-50ml-10060300",
    "canAddToBasket": "yes",
    "opticians": false,
    "inStock": true,
    "expressDelivery": false,
    "hasOtherPromotion": true,
    "channelPromotionalTextMap": {
      "-1": [
        "Save up to 20 percent on selected fragrances"
      ],
      "-6": [
        "Save up to 20 percent on selected fragrances"
      ]
    },
    "adCardPoints": 168
  },
  {
    "_id": {
      "$oid": "65ec108d9884656b92f557af"
    },
    "ppuQuantity": "50ML",
    "pricing": {
      "perUnit": "£139.40 per 100ML",
      "regular": {
        "value": 82,
        "currency": "GBP",
        "text": "£82.00"
      },
      "current": {
        "value": 69.7,
        "currency": "GBP",
        "text": "£69.70"
      },
      "saving": {
        "value": 12.3,
        "currency": "GBP",
        "text": "£12.30"
      }
    },
    "objectId": "2959",
    "brand": "Christian Dior",
    "attributes": {
      "fragrance_scent": [
        "jasmine",
        "amber",
        "floral",
        "woody",
        "fruity",
        "vanilla",
        "musk"
      ],
      "StockOverrideMessage": "STOCK_COMING_SOON",
      "Size": "50ml",
      "parentCategory_UK": "33071",
      "fragrance_type": "eau de toilette",
      "hasPriceAdvantageDeal": false,
      "Reporting_Category": "fragrance",
      "ProductReviewFlag": "1"
    },
    "variants": {
      "colours": [],
      "hasColours": false,
      "hasSizes": false
    },
    "categories": [
      [
        {
          "name": "fragrance",
          "label": "fragrance"
        },
        {
          "name": "gift",
          "label": "gift"
        }
      ],
      [
        {
          "name": "perfume",
          "label": "fragrance > perfume"
        },
        {
          "name": "fragrance offers",
          "label": "fragrance > fragrance offers"
        },
        {
          "name": "gifts for her",
          "label": "gift > gifts for her"
        }
      ],
      [
        {
          "name": "all perfumes",
          "label": "fragrance > perfume > all perfumes"
        },
        {
          "name": "vanilla perfume",
          "label": "fragrance > perfume > vanilla perfume"
        },
        {
          "name": "musky perfume",
          "label": "fragrance > perfume > musky perfume"
        },
        {
          "name": "floral perfume",
          "label": "fragrance > perfume > floral perfume"
        },
        {
          "name": "amber perfume",
          "label": "fragrance > perfume > amber perfume"
        },
        {
          "name": "Save 15% on 100s of fragrances",
          "label": "fragrance > fragrance offers > Save 15% on 100s of fragrances"
        },
        {
          "name": "all perfumes",
          "label": "gift > gifts for her > all perfumes"
        }
      ]
    ],
    "reviews": {
      "average": null,
      "count": null,
      "rounded": null
    },
    "parent": {
      "product": "2958",
      "partNumber": "10011436.P",
      "model": "10011436",
      "manufacturerModel": "3525643"
    },
    "images": {
      "thumbnail": "https://boots.scene7.com/is/image/Boots/10011436?wid=45&hei=60&op_sharpen=1"
    },
    "offers": [
      {
        "text": "Save up to 20 percent on selected fragrances"
      }
    ],
    "actions": {},
    "iconUri": "https://boots.scene7.com/is/image/Boots/10011436?op_sharpen=1",
    "title": "DIOR Hypnotic Poison Eau de Toilette 50ml",
    "referenceUri": "/dior-hypnotic-poison-eau-de-toilette-spray-50ml-10011436",
    "canAddToBasket": "yes",
    "opticians": false,
    "inStock": true,
    "expressDelivery": false,
    "hasOtherPromotion": true,
    "channelPromotionalTextMap": {
      "-1": [
        "Save up to 20 percent on selected fragrances"
      ],
      "-6": [
        "Save up to 20 percent on selected fragrances"
      ]
    },
    "adCardPoints": 207
  },
  {
    "_id": {
      "$oid": "65ec108d9884656b92f557b0"
    },
    "ppuQuantity": "90ML",
    "pricing": {
      "perUnit": "£127.50 per 100ML",
      "regular": {
        "value": 135,
        "currency": "GBP",
        "text": "£135.00"
      },
      "current": {
        "value": 114.75,
        "currency": "GBP",
        "text": "£114.75"
      },
      "saving": {
        "value": 20.25,
        "currency": "GBP",
        "text": "£20.25"
      }
    },
    "objectId": "2717117",
    "brand": "Prada",
    "attributes": {
      "fragrance_scent": [
        "amber",
        "musk"
      ],
      "StockOverrideMessage": "STOCK_COMING_SOON",
      "size": "71-100",
      "fragrance_type": "eau de parfum",
      "hasPriceAdvantageDeal": false,
      "ProductReviewFlag": "1"
    },
    "variants": {
      "colours": [],
      "hasColours": false,
      "hasSizes": false
    },
    "categories": [
      [
        {
          "name": "mother's day",
          "label": "mother's day"
        },
        {
          "name": "fragrance",
          "label": "fragrance"
        },
        {
          "name": "sun & holiday",
          "label": "sun & holiday"
        },
        {
          "name": "gift",
          "label": "gift"
        }
      ],
      [
        {
          "name": "shop all",
          "label": "mother's day > shop all"
        },
        {
          "name": "perfume",
          "label": "fragrance > perfume"
        },
        {
          "name": "recommended",
          "label": "fragrance > recommended"
        },
        {
          "name": "love island",
          "label": "sun & holiday > love island"
        },
        {
          "name": "gifts for her",
          "label": "gift > gifts for her"
        },
        {
          "name": "luxury fragrance",
          "label": "fragrance > luxury fragrance"
        },
        {
          "name": "brands",
          "label": "fragrance > brands"
        }
      ],
      [
        {
          "name": "all perfumes",
          "label": "fragrance > perfume > all perfumes"
        },
        {
          "name": "trending fragrance",
          "label": "fragrance > recommended > trending fragrance"
        },
        {
          "name": "shop the love island villa",
          "label": "sun & holiday > love island > shop the love island villa"
        },
        {
          "name": "all perfumes",
          "label": "gift > gifts for her > all perfumes"
        }
      ]
    ],
    "reviews": {
      "average": 4.78,
      "count": 6490,
      "rounded": 4
    },
    "parent": {
      "product": "2717116",
      "partNumber": "10317218.P",
      "model": "10317218",
      "manufacturerModel": "4139682"
    },
    "images": {
      "thumbnail": "https://boots.scene7.com/is/image/Boots/10317218?wid=45&hei=60&op_sharpen=1"
    },
    "offers": [
      {
        "text": "Free gift when you buy selected Prada - whilst stocks last"
      },
      {
        "text": "Save up to 20 percent on selected fragrances"
      }
    ],
    "actions": {},
    "iconUri": "https://boots.scene7.com/is/image/Boots/10317218?op_sharpen=1",
    "title": "Prada Paradoxe Eau de Parfum 90ml",
    "referenceUri": "/prada-paradoxe-eau-de-parfum-90ml-10317218",
    "canAddToBasket": "yes",
    "opticians": false,
    "inStock": true,
    "expressDelivery": false,
    "hasOtherPromotion": true,
    "channelPromotionalTextMap": {
      "-1": [
        "Free gift when you buy selected Prada - whilst stocks last",
        "Save up to 20 percent on selected fragrances"
      ],
      "-6": [
        "Free gift when you buy selected Prada - whilst stocks last",
        "Save up to 20 percent on selected fragrances"
      ]
    },
    "adCardPoints": 342
  },
  {
    "_id": {
      "$oid": "65ec108d9884656b92f557b1"
    },
    "ppuQuantity": "50ML",
    "pricing": {
      "perUnit": "£105.60 per 100ML",
      "regular": {
        "value": 66,
        "currency": "GBP",
        "text": "£66.00"
      },
      "current": {
        "value": 52.8,
        "currency": "GBP",
        "text": "£52.80"
      },
      "saving": {
        "value": 13.2,
        "currency": "GBP",
        "text": "£13.20"
      }
    },
    "objectId": "1900695",
    "brand": "Michael Kors",
    "attributes": {
      "fragrance_scent": [
        "floral",
        "amber",
        "fruity"
      ],
      "StockOverrideMessage": "SOLD_OUT",
      "size": "41-50",
      "gender": "womens",
      "parentCategory_UK": "33071",
      "fragrance_type": "eau de parfum",
      "hasPriceAdvantageDeal": false,
      "Reporting_Category": "fragrance",
      "ProductReviewFlag": "1"
    },
    "variants": {
      "colours": [],
      "hasColours": false,
      "hasSizes": false
    },
    "categories": [
      [
        {
          "name": "sun & holiday",
          "label": "sun & holiday"
        },
        {
          "name": "fragrance",
          "label": "fragrance"
        },
        {
          "name": "gift",
          "label": "gift"
        }
      ],
      [
        {
          "name": "staycation essentials",
          "label": "sun & holiday > staycation essentials"
        },
        {
          "name": "perfume",
          "label": "fragrance > perfume"
        },
        {
          "name": "gifts for her",
          "label": "gift > gifts for her"
        },
        {
          "name": "5* rated perfumes & aftershaves",
          "label": "fragrance > 5* rated perfumes & aftershaves"
        }
      ],
      [
        {
          "name": "all perfumes",
          "label": "fragrance > perfume > all perfumes"
        },
        {
          "name": "floral perfume",
          "label": "fragrance > perfume > floral perfume"
        },
        {
          "name": "amber perfume",
          "label": "fragrance > perfume > amber perfume"
        },
        {
          "name": "all perfumes",
          "label": "gift > gifts for her > all perfumes"
        }
      ]
    ],
    "reviews": {
      "average": 4.63,
      "count": 64,
      "rounded": 4
    },
    "parent": {
      "product": "1900694",
      "partNumber": "10220390.P",
      "model": "10220390",
      "manufacturerModel": "6744303"
    },
    "images": {
      "thumbnail": "https://boots.scene7.com/is/image/Boots/10220390?wid=45&hei=60&op_sharpen=1"
    },
    "offers": [
      {
        "text": "Save up to 20 percent on selected fragrances"
      }
    ],
    "actions": {},
    "iconUri": "https://boots.scene7.com/is/image/Boots/10220390?op_sharpen=1",
    "title": "Michael Kors Wonderlust Eau de Parfum 50ml",
    "referenceUri": "/michael-kors-wonderlust-eau-de-parfum-50ml-10220390",
    "canAddToBasket": "yes",
    "opticians": false,
    "inStock": true,
    "expressDelivery": false,
    "hasOtherPromotion": true,
    "channelPromotionalTextMap": {
      "-1": [
        "Save up to 20 percent on selected fragrances"
      ],
      "-6": [
        "Save up to 20 percent on selected fragrances"
      ]
    },
    "adCardPoints": 156
  },
  {
    "_id": {
      "$oid": "65ec108d9884656b92f557b2"
    },
    "ppuQuantity": "50ML",
    "pricing": {
      "perUnit": "£128.00 per 100ML",
      "regular": {
        "value": 64,
        "currency": "GBP",
        "text": "£64.00"
      },
      "current": {
        "value": 64,
        "currency": "GBP",
        "text": "£64.00"
      }
    },
    "objectId": "2919",
    "brand": "Calvin Klein",
    "attributes": {
      "fragrance_scent": [
        "aromatic",
        "amber",
        "floral",
        "woody",
        "citrus",
        "spicy"
      ],
      "size": "41-50",
      "StockOverrideMessage": "STOCK_COMING_SOON",
      "gender": "womens",
      "Size": [
        "50ml",
        "50 ml"
      ],
      "parentCategory_UK": "33071",
      "fragrance_type": "eau de parfum",
      "hasPriceAdvantageDeal": true,
      "Reporting_Category": "fragrance",
      "priceAdvPrice": "£43.00",
      "ProductReviewFlag": "1"
    },
    "variants": {
      "colours": [],
      "hasColours": false,
      "hasSizes": false
    },
    "categories": [
      [
        {
          "name": "fragrance",
          "label": "fragrance"
        },
        {
          "name": "gift",
          "label": "gift"
        }
      ],
      [
        {
          "name": "5* rated perfumes & aftershaves",
          "label": "fragrance > 5* rated perfumes & aftershaves"
        },
        {
          "name": "perfume",
          "label": "fragrance > perfume"
        },
        {
          "name": "fragrance offers",
          "label": "fragrance > fragrance offers"
        },
        {
          "name": "gifts for her",
          "label": "gift > gifts for her"
        }
      ],
      [
        {
          "name": "all perfumes",
          "label": "fragrance > perfume > all perfumes"
        },
        {
          "name": "floral perfume",
          "label": "fragrance > perfume > floral perfume"
        },
        {
          "name": "amber perfume",
          "label": "fragrance > perfume > amber perfume"
        },
        {
          "name": "Save 15% on 100s of fragrances",
          "label": "fragrance > fragrance offers > Save 15% on 100s of fragrances"
        },
        {
          "name": "all perfumes",
          "label": "gift > gifts for her > all perfumes"
        }
      ]
    ],
    "reviews": {
      "average": 4.58,
      "count": 299,
      "rounded": 4
    },
    "parent": {
      "product": "2918",
      "partNumber": "10011390.P",
      "model": "10011390",
      "manufacturerModel": "1810626"
    },
    "images": {
      "thumbnail": "https://boots.scene7.com/is/image/Boots/10011390?wid=45&hei=60&op_sharpen=1"
    },
    "offers": [
      {
        "text": "£43.00 with Advantage Card"
      }
    ],
    "actions": {},
    "iconUri": "https://boots.scene7.com/is/image/Boots/10011390?op_sharpen=1",
    "title": "Calvin Klein Eternity for Women Eau de Parfum 50ml",
    "referenceUri": "/calvin-klein-eternity-eau-de-parfum-spray-50ml-10011390",
    "canAddToBasket": "yes",
    "opticians": false,
    "inStock": true,
    "expressDelivery": false,
    "hasOtherPromotion": true,
    "channelPromotionalTextMap": {
      "-1": [
        "with Advantage Card"
      ],
      "-6": [
        "with Advantage Card"
      ]
    },
    "adCardPoints": 192
  },
  {
    "_id": {
      "$oid": "65ec108d9884656b92f557b3"
    },
    "ppuQuantity": "30ML",
    "pricing": {
      "perUnit": "£181.33 per 100ML",
      "regular": {
        "value": 64,
        "currency": "GBP",
        "text": "£64.00"
      },
      "current": {
        "value": 54.4,
        "currency": "GBP",
        "text": "£54.40"
      },
      "saving": {
        "value": 9.6,
        "currency": "GBP",
        "text": "£9.60"
      }
    },
    "objectId": "2779231",
    "brand": "Christian Dior",
    "attributes": {
      "fragrance_scent": "floral",
      "StockOverrideMessage": "STOCK_COMING_SOON",
      "gender": "womens",
      "size": "21-30",
      "fragrance_type": "eau de toilette",
      "hasPriceAdvantageDeal": false,
      "ProductReviewFlag": "1"
    },
    "variants": {
      "colours": [],
      "hasColours": false,
      "hasSizes": false
    },
    "categories": [
      [
        {
          "name": "fragrance",
          "label": "fragrance"
        },
        {
          "name": "gift",
          "label": "gift"
        }
      ],
      [
        {
          "name": "5* rated perfumes & aftershaves",
          "label": "fragrance > 5* rated perfumes & aftershaves"
        },
        {
          "name": "perfume",
          "label": "fragrance > perfume"
        },
        {
          "name": "gifts for her",
          "label": "gift > gifts for her"
        }
      ],
      [
        {
          "name": "all perfumes",
          "label": "fragrance > perfume > all perfumes"
        },
        {
          "name": "floral perfume",
          "label": "fragrance > perfume > floral perfume"
        },
        {
          "name": "all perfumes",
          "label": "gift > gifts for her > all perfumes"
        }
      ]
    ],
    "reviews": {
      "average": 4.48,
      "count": 48,
      "rounded": 4
    },
    "parent": {
      "product": "2779230",
      "partNumber": "10322784.P",
      "model": "10322784",
      "manufacturerModel": "5266858"
    },
    "images": {
      "thumbnail": "https://boots.scene7.com/is/image/Boots/10322784?wid=45&hei=60&op_sharpen=1"
    },
    "offers": [
      {
        "text": "Save up to 20 percent on selected fragrances"
      }
    ],
    "actions": {},
    "iconUri": "https://boots.scene7.com/is/image/Boots/10322784?op_sharpen=1",
    "title": "DIOR Miss Dior Blooming Bouquet Eau de Toilette 30ml",
    "referenceUri": "/dior-miss-dior-blooming-bouquet-eau-de-toilette-30ml-10322784",
    "canAddToBasket": "yes",
    "opticians": false,
    "inStock": true,
    "expressDelivery": false,
    "hasOtherPromotion": true,
    "channelPromotionalTextMap": {
      "-1": [
        "Save up to 20 percent on selected fragrances"
      ],
      "-6": [
        "Save up to 20 percent on selected fragrances"
      ]
    },
    "adCardPoints": 162
  },
  {
    "_id": {
      "$oid": "65ec108d9884656b92f557b4"
    },
    "ppuQuantity": "100ML",
    "pricing": {
      "perUnit": "£67.50 per 100ML",
      "regular": {
        "value": 101,
        "currency": "GBP",
        "text": "£101.00"
      },
      "current": {
        "value": 67.5,
        "currency": "GBP",
        "text": "£67.50"
      },
      "saving": {
        "value": 33.5,
        "currency": "GBP",
        "text": "£33.50"
      }
    },
    "objectId": "871170",
    "brand": "Givenchy",
    "attributes": {
      "fragrance_scent": [
        "jasmine",
        "floral"
      ],
      "gender": "womens",
      "size": "71-100",
      "StockOverrideMessage": "STOCK_COMING_SOON",
      "parentCategory_UK": "33071",
      "fragrance_type": "eau de toilette",
      "hasPriceAdvantageDeal": false,
      "Reporting_Category": "fragrance",
      "ProductReviewFlag": "1"
    },
    "variants": {
      "colours": [],
      "hasColours": false,
      "hasSizes": false
    },
    "categories": [
      [
        {
          "name": "fragrance",
          "label": "fragrance"
        },
        {
          "name": "gift",
          "label": "gift"
        }
      ],
      [
        {
          "name": "perfume",
          "label": "fragrance > perfume"
        },
        {
          "name": "fragrance offers",
          "label": "fragrance > fragrance offers"
        },
        {
          "name": "gifts for her",
          "label": "gift > gifts for her"
        }
      ],
      [
        {
          "name": "all perfumes",
          "label": "fragrance > perfume > all perfumes"
        },
        {
          "name": "floral perfume",
          "label": "fragrance > perfume > floral perfume"
        },
        {
          "name": "everyday low prices",
          "label": "fragrance > fragrance offers > everyday low prices"
        },
        {
          "name": "all perfumes",
          "label": "gift > gifts for her > all perfumes"
        }
      ]
    ],
    "reviews": {
      "average": 4.1,
      "count": 148,
      "rounded": 4
    },
    "parent": {
      "product": "871169",
      "partNumber": "10086149.P",
      "model": "10086149",
      "manufacturerModel": "3426076"
    },
    "images": {
      "thumbnail": "https://boots.scene7.com/is/image/Boots/10086149?wid=45&hei=60&op_sharpen=1"
    },
    "offers": [
      {
        "text": "Save up to 1/2 price on selected fragrances"
      }
    ],
    "actions": {},
    "iconUri": "https://boots.scene7.com/is/image/Boots/10086149?op_sharpen=1",
    "title": "Givenchy Ysatis Eau de Toilette 100ml",
    "referenceUri": "/givenchy-ysatis-eau-de-toilette-100ml-10086149",
    "canAddToBasket": "yes",
    "opticians": false,
    "inStock": true,
    "expressDelivery": false,
    "hasOtherPromotion": true,
    "channelPromotionalTextMap": {
      "-1": [
        "Save up to 1/2 price on selected fragrances"
      ],
      "-6": [
        "Save up to 1/2 price on selected fragrances"
      ]
    },
    "adCardPoints": 201
  },
  {
    "_id": {
      "$oid": "65ec108d9884656b92f557b5"
    },
    "ppuQuantity": "50ML",
    "pricing": {
      "perUnit": "£164.90 per 100ML",
      "regular": {
        "value": 97,
        "currency": "GBP",
        "text": "£97.00"
      },
      "current": {
        "value": 82.45,
        "currency": "GBP",
        "text": "£82.45"
      },
      "saving": {
        "value": 14.55,
        "currency": "GBP",
        "text": "£14.55"
      }
    },
    "objectId": "1429519",
    "brand": "Christian Dior",
    "attributes": {
      "fragrance_scent": [
        "floral",
        "fruity",
        "vanilla",
        "jasmine"
      ],
      "gender": "womens",
      "StockOverrideMessage": "STOCK_COMING_SOON",
      "size": "41-50",
      "Size": "50ml",
      "parentCategory_UK": "33071",
      "fragrance_type": "eau de parfum",
      "hasPriceAdvantageDeal": false,
      "Reporting_Category": "fragrance",
      "ProductReviewFlag": "1"
    },
    "variants": {
      "colours": [],
      "hasColours": false,
      "hasSizes": false
    },
    "categories": [
      [
        {
          "name": "fragrance",
          "label": "fragrance"
        },
        {
          "name": "gift",
          "label": "gift"
        }
      ],
      [
        {
          "name": "perfume",
          "label": "fragrance > perfume"
        },
        {
          "name": "fragrance offers",
          "label": "fragrance > fragrance offers"
        },
        {
          "name": "gifts for her",
          "label": "gift > gifts for her"
        }
      ],
      [
        {
          "name": "all perfumes",
          "label": "fragrance > perfume > all perfumes"
        },
        {
          "name": "vanilla perfume",
          "label": "fragrance > perfume > vanilla perfume"
        },
        {
          "name": "floral perfume",
          "label": "fragrance > perfume > floral perfume"
        },
        {
          "name": "Save 15% on 100s of fragrances",
          "label": "fragrance > fragrance offers > Save 15% on 100s of fragrances"
        },
        {
          "name": "all perfumes",
          "label": "gift > gifts for her > all perfumes"
        }
      ]
    ],
    "reviews": {
      "average": null,
      "count": null,
      "rounded": null
    },
    "parent": {
      "product": "1429518",
      "partNumber": "10168982.P",
      "model": "10168982",
      "manufacturerModel": "1851136"
    },
    "images": {
      "thumbnail": "https://boots.scene7.com/is/image/Boots/10168982?wid=45&hei=60&op_sharpen=1"
    },
    "offers": [
      {
        "text": "Save up to 20 percent on selected fragrances"
      }
    ],
    "actions": {},
    "iconUri": "https://boots.scene7.com/is/image/Boots/10168982?op_sharpen=1",
    "title": "DIOR Hypnotic Poison Eau de Parfum 50ml",
    "referenceUri": "/dior-hypnotic-poison-eau-de-parfum-50ml-10168982",
    "canAddToBasket": "yes",
    "opticians": false,
    "inStock": true,
    "expressDelivery": false,
    "hasOtherPromotion": true,
    "channelPromotionalTextMap": {
      "-1": [
        "Save up to 20 percent on selected fragrances"
      ],
      "-6": [
        "Save up to 20 percent on selected fragrances"
      ]
    },
    "adCardPoints": 246
  },
  {
    "_id": {
      "$oid": "65ec108d9884656b92f557b6"
    },
    "ppuQuantity": "50ML",
    "pricing": {
      "perUnit": "£115.60 per 100ML",
      "regular": {
        "value": 68,
        "currency": "GBP",
        "text": "£68.00"
      },
      "current": {
        "value": 57.8,
        "currency": "GBP",
        "text": "£57.80"
      },
      "saving": {
        "value": 10.2,
        "currency": "GBP",
        "text": "£10.20"
      }
    },
    "objectId": "15327",
    "brand": "Dolce & Gabbana",
    "attributes": {
      "fragrance_scent": [
        "floral",
        "fruity",
        "citrus"
      ],
      "product_type": "gift set",
      "gender": "womens",
      "StockOverrideMessage": "STOCK_COMING_SOON",
      "size": "41-50",
      "parentCategory_UK": "33071",
      "fragrance_type": "eau de toilette",
      "recipient": "gifts for women",
      "hasPriceAdvantageDeal": false,
      "Reporting_Category": "fragrance",
      "gift_type": [
        "fragrance gifts",
        "fragrance gift sets"
      ],
      "ProductReviewFlag": "1"
    },
    "variants": {
      "colours": [],
      "hasColours": false,
      "hasSizes": false
    },
    "categories": [
      [
        {
          "name": "fragrance",
          "label": "fragrance"
        },
        {
          "name": "gift",
          "label": "gift"
        }
      ],
      [
        {
          "name": "fragrance offers",
          "label": "fragrance > fragrance offers"
        },
        {
          "name": "perfume",
          "label": "fragrance > perfume"
        },
        {
          "name": "gifts for her",
          "label": "gift > gifts for her"
        }
      ],
      [
        {
          "name": "all perfumes",
          "label": "fragrance > perfume > all perfumes"
        },
        {
          "name": "floral perfume",
          "label": "fragrance > perfume > floral perfume"
        },
        {
          "name": "save up to 60 percent",
          "label": "fragrance > fragrance offers > save up to 60 percent"
        },
        {
          "name": "save up to 20% on fragrance",
          "label": "fragrance > fragrance offers > save up to 20% on fragrance"
        },
        {
          "name": "all perfumes",
          "label": "gift > gifts for her > all perfumes"
        }
      ]
    ],
    "reviews": {
      "average": 4.62,
      "count": 292,
      "rounded": 4
    },
    "parent": {
      "product": "15326",
      "partNumber": "10041109.P",
      "model": "10041109",
      "manufacturerModel": "2089491"
    },
    "images": {
      "thumbnail": "https://boots.scene7.com/is/image/Boots/10041109?wid=45&hei=60&op_sharpen=1"
    },
    "offers": [
      {
        "text": "Save up to 20 percent on selected fragrances"
      }
    ],
    "actions": {},
    "iconUri": "https://boots.scene7.com/is/image/Boots/10041109?op_sharpen=1",
    "title": "Dolce&Gabbana Light Blue Eau de Toilette 50ml",
    "referenceUri": "/dolce-and-gabbana-light-blue-eau-de-toilette-50ml-10041109",
    "canAddToBasket": "yes",
    "opticians": false,
    "inStock": true,
    "expressDelivery": false,
    "hasOtherPromotion": true,
    "channelPromotionalTextMap": {
      "-1": [
        "Save up to 20 percent on selected fragrances"
      ],
      "-6": [
        "Save up to 20 percent on selected fragrances"
      ]
    },
    "adCardPoints": 171
  },
  {
    "_id": {
      "$oid": "65ec108d9884656b92f557b7"
    },
    "ppuQuantity": "30ML",
    "pricing": {
      "perUnit": "£164.33 per 100ML",
      "regular": {
        "value": 58,
        "currency": "GBP",
        "text": "£58.00"
      },
      "current": {
        "value": 49.3,
        "currency": "GBP",
        "text": "£49.30"
      },
      "saving": {
        "value": 8.7,
        "currency": "GBP",
        "text": "£8.70"
      }
    },
    "objectId": "2288510",
    "brand": "Jean Paul Gaultier",
    "attributes": {
      "fragrance_scent": [
        "vanilla",
        "amber"
      ],
      "StockOverrideMessage": "STOCK_COMING_SOON",
      "gender": "womens",
      "size": "21-30",
      "fragrance_type": "eau de parfum",
      "hasPriceAdvantageDeal": false,
      "Reporting_Category": "fragrance",
      "ProductReviewFlag": "1"
    },
    "variants": {
      "colours": [],
      "hasColours": false,
      "hasSizes": false
    },
    "categories": [
      [
        {
          "name": "fragrance",
          "label": "fragrance"
        },
        {
          "name": "gift",
          "label": "gift"
        }
      ],
      [
        {
          "name": "5* rated perfumes & aftershaves",
          "label": "fragrance > 5* rated perfumes & aftershaves"
        },
        {
          "name": "perfume",
          "label": "fragrance > perfume"
        },
        {
          "name": "gifts for her",
          "label": "gift > gifts for her"
        }
      ],
      [
        {
          "name": "all perfumes",
          "label": "fragrance > perfume > all perfumes"
        },
        {
          "name": "vanilla perfume",
          "label": "fragrance > perfume > vanilla perfume"
        },
        {
          "name": "amber perfume",
          "label": "fragrance > perfume > amber perfume"
        },
        {
          "name": "all perfumes",
          "label": "gift > gifts for her > all perfumes"
        }
      ]
    ],
    "reviews": {
      "average": 4.52,
      "count": 379,
      "rounded": 4
    },
    "parent": {
      "product": "2288509",
      "partNumber": "10266214.P",
      "model": "10266214",
      "manufacturerModel": "8584176"
    },
    "images": {
      "thumbnail": "https://boots.scene7.com/is/image/Boots/10266214?wid=45&hei=60&op_sharpen=1"
    },
    "offers": [
      {
        "text": "Save up to 20 percent on selected fragrances"
      }
    ],
    "actions": {},
    "iconUri": "https://boots.scene7.com/is/image/Boots/10266214?op_sharpen=1",
    "title": "Jean Paul Gaultier La Belle Eau de Parfum 30ml",
    "referenceUri": "/jean-paul-gaultier-la-belle-edp-30ml-10266214",
    "canAddToBasket": "yes",
    "opticians": false,
    "inStock": true,
    "expressDelivery": false,
    "hasOtherPromotion": true,
    "channelPromotionalTextMap": {
      "-1": [
        "Save up to 20 percent on selected fragrances"
      ],
      "-6": [
        "Save up to 20 percent on selected fragrances"
      ]
    },
    "adCardPoints": 147
  },
  {
    "_id": {
      "$oid": "65ec108d9884656b92f557b8"
    },
    "ppuQuantity": "50ML",
    "pricing": {
      "perUnit": "£98.00 per 100ML",
      "regular": {
        "value": 74,
        "currency": "GBP",
        "text": "£74.00"
      },
      "current": {
        "value": 49,
        "currency": "GBP",
        "text": "£49.00"
      },
      "saving": {
        "value": 25,
        "currency": "GBP",
        "text": "£25.00"
      }
    },
    "objectId": "2314471",
    "brand": "Carolina Herrera",
    "attributes": {
      "fragrance_scent": [
        "fruity",
        "floral",
        "woody"
      ],
      "StockOverrideMessage": "STOCK_COMING_SOON",
      "gender": "womens",
      "size": "41-50",
      "fragrance_type": "eau de parfum",
      "hasPriceAdvantageDeal": false,
      "Reporting_Category": "fragrance",
      "ProductReviewFlag": "1"
    },
    "variants": {
      "colours": [],
      "hasColours": false,
      "hasSizes": false
    },
    "categories": [
      [
        {
          "name": "fragrance",
          "label": "fragrance"
        },
        {
          "name": "gift",
          "label": "gift"
        }
      ],
      [
        {
          "name": "5* rated perfumes & aftershaves",
          "label": "fragrance > 5* rated perfumes & aftershaves"
        },
        {
          "name": "perfume",
          "label": "fragrance > perfume"
        },
        {
          "name": "fragrance offers",
          "label": "fragrance > fragrance offers"
        },
        {
          "name": "gifts for her",
          "label": "gift > gifts for her"
        }
      ],
      [
        {
          "name": "all perfumes",
          "label": "fragrance > perfume > all perfumes"
        },
        {
          "name": "floral perfume",
          "label": "fragrance > perfume > floral perfume"
        },
        {
          "name": "save up to half price",
          "label": "fragrance > fragrance offers > save up to half price"
        },
        {
          "name": "all perfumes",
          "label": "gift > gifts for her > all perfumes"
        }
      ]
    ],
    "reviews": {
      "average": 4.24,
      "count": 25,
      "rounded": 4
    },
    "parent": {
      "product": "2314470",
      "partNumber": "10269774.P",
      "model": "10269774",
      "manufacturerModel": "8640122"
    },
    "images": {
      "thumbnail": "https://boots.scene7.com/is/image/Boots/10269774?wid=45&hei=60&op_sharpen=1"
    },
    "offers": [
      {
        "text": "Save up to 1/2 price on selected fragrances"
      }
    ],
    "actions": {},
    "iconUri": "https://boots.scene7.com/is/image/Boots/10269774?op_sharpen=1",
    "title": "Carolina Herrera 212 VIP Rose Eau de Parfum 50ml",
    "referenceUri": "/carolina-herrera-212-vip-rose-edp-50ml-10269774",
    "canAddToBasket": "yes",
    "opticians": false,
    "inStock": true,
    "expressDelivery": false,
    "hasOtherPromotion": true,
    "channelPromotionalTextMap": {
      "-1": [
        "Save up to 1/2 price on selected fragrances"
      ],
      "-6": [
        "Save up to 1/2 price on selected fragrances"
      ]
    },
    "adCardPoints": 147
  },
  {
    "_id": {
      "$oid": "65ec108d9884656b92f557b9"
    },
    "ppuQuantity": "100ML",
    "pricing": {
      "perUnit": "£96.90 per 100ML",
      "regular": {
        "value": 114,
        "currency": "GBP",
        "text": "£114.00"
      },
      "current": {
        "value": 96.9,
        "currency": "GBP",
        "text": "£96.90"
      },
      "saving": {
        "value": 17.1,
        "currency": "GBP",
        "text": "£17.10"
      }
    },
    "objectId": "2951",
    "brand": "Christian Dior",
    "attributes": {
      "fragrance_scent": [
        "floral",
        "amber",
        "vanilla",
        "aquatic",
        "citrus",
        "fruity"
      ],
      "StockOverrideMessage": "STOCK_COMING_SOON",
      "size": "71-100",
      "Size": "100ml",
      "parentCategory_UK": "33037",
      "format": "spray",
      "fragrance_type": "eau de toilette",
      "hasPriceAdvantageDeal": false,
      "Reporting_Category": "fragrance",
      "body_area": "body",
      "ProductReviewFlag": "1"
    },
    "variants": {
      "colours": [],
      "hasColours": false,
      "hasSizes": false
    },
    "categories": [
      [
        {
          "name": "fragrance",
          "label": "fragrance"
        },
        {
          "name": "beauty & skincare",
          "label": "beauty & skincare"
        },
        {
          "name": "gift",
          "label": "gift"
        }
      ],
      [
        {
          "name": "perfume",
          "label": "fragrance > perfume"
        },
        {
          "name": "premium beauty & skincare",
          "label": "beauty & skincare > premium beauty & skincare"
        },
        {
          "name": "fragrance offers",
          "label": "fragrance > fragrance offers"
        },
        {
          "name": "gifts for her",
          "label": "gift > gifts for her"
        }
      ],
      [
        {
          "name": "save up to 25% across selected premium beauty and No7",
          "label": "beauty & skincare > premium beauty & skincare > save up to 25% across selected premium beauty and No7"
        },
        {
          "name": "all perfumes",
          "label": "fragrance > perfume > all perfumes"
        },
        {
          "name": "vanilla perfume",
          "label": "fragrance > perfume > vanilla perfume"
        },
        {
          "name": "floral perfume",
          "label": "fragrance > perfume > floral perfume"
        },
        {
          "name": "amber perfume",
          "label": "fragrance > perfume > amber perfume"
        },
        {
          "name": "Save 15% on 100s of fragrances",
          "label": "fragrance > fragrance offers > Save 15% on 100s of fragrances"
        },
        {
          "name": "all perfumes",
          "label": "gift > gifts for her > all perfumes"
        }
      ]
    ],
    "reviews": {
      "average": null,
      "count": null,
      "rounded": null
    },
    "parent": {
      "product": "2950",
      "partNumber": "10011428.P",
      "model": "10011428",
      "manufacturerModel": "1763253"
    },
    "images": {
      "thumbnail": "https://boots.scene7.com/is/image/Boots/10011428?wid=45&hei=60&op_sharpen=1"
    },
    "offers": [
      {
        "text": "Save up to 25 percent across selected Premium Beauty"
      }
    ],
    "actions": {},
    "iconUri": "https://boots.scene7.com/is/image/Boots/10011428?op_sharpen=1",
    "title": "DIOR DUNE Eau de Toilette Spray 100ml",
    "referenceUri": "/dior-dune-eau-de-toilette-spray-100ml-10011428",
    "canAddToBasket": "yes",
    "opticians": false,
    "inStock": true,
    "expressDelivery": false,
    "hasOtherPromotion": true,
    "channelPromotionalTextMap": {
      "-1": [
        "Save up to 25 percent across selected Premium Beauty"
      ],
      "-6": [
        "Save up to 25 percent across selected Premium Beauty"
      ]
    },
    "adCardPoints": 288
  },
  {
    "_id": {
      "$oid": "65ec108d9884656b92f557ba"
    },
    "ppuQuantity": "30ML",
    "pricing": {
      "perUnit": "£189.83 per 100ML",
      "regular": {
        "value": 67,
        "currency": "GBP",
        "text": "£67.00"
      },
      "current": {
        "value": 56.95,
        "currency": "GBP",
        "text": "£56.95"
      },
      "saving": {
        "value": 10.05,
        "currency": "GBP",
        "text": "£10.05"
      }
    },
    "objectId": "2921109",
    "brand": "Valentino",
    "attributes": {
      "fragrance_scent": [
        "woody",
        "floral",
        "amber"
      ],
      "product_type": "body spray",
      "gender": "womens",
      "StockOverrideMessage": "STOCK_COMING_SOON",
      "size": "21-30",
      "fragrance_type": "eau de parfum",
      "format": "spray",
      "hasPriceAdvantageDeal": false,
      "ProductReviewFlag": "1"
    },
    "variants": {
      "colours": [],
      "hasColours": false,
      "hasSizes": false
    },
    "categories": [
      [
        {
          "name": "new in",
          "label": "new in"
        },
        {
          "name": "fragrance",
          "label": "fragrance"
        },
        {
          "name": "gift",
          "label": "gift"
        }
      ],
      [
        {
          "name": "new in fragrance",
          "label": "new in > new in fragrance"
        },
        {
          "name": "perfume",
          "label": "fragrance > perfume"
        },
        {
          "name": "gifts for her",
          "label": "gift > gifts for her"
        },
        {
          "name": "luxury fragrance",
          "label": "fragrance > luxury fragrance"
        },
        {
          "name": "new in fragrance",
          "label": "fragrance > new in fragrance"
        }
      ],
      [
        {
          "name": "all perfumes",
          "label": "fragrance > perfume > all perfumes"
        },
        {
          "name": "floral perfume",
          "label": "fragrance > perfume > floral perfume"
        },
        {
          "name": "amber perfume",
          "label": "fragrance > perfume > amber perfume"
        },
        {
          "name": "all perfumes",
          "label": "gift > gifts for her > all perfumes"
        }
      ]
    ],
    "reviews": {
      "average": 4.78,
      "count": 850,
      "rounded": 4
    },
    "parent": {
      "product": "2921108",
      "partNumber": "10338786.P",
      "model": "10338786",
      "manufacturerModel": "2002949"
    },
    "images": {
      "thumbnail": "https://boots.scene7.com/is/image/Boots/10338786?wid=45&hei=60&op_sharpen=1"
    },
    "offers": [
      {
        "text": "Save up to 20 percent on selected fragrances"
      }
    ],
    "actions": {},
    "iconUri": "https://boots.scene7.com/is/image/Boots/10338786?op_sharpen=1",
    "title": "Valentino Born In Roma Green Stravaganza Donna 30ml",
    "referenceUri": "/valentino-born-in-roma-green-stravaganza-donna-30ml-10338786",
    "canAddToBasket": "yes",
    "opticians": false,
    "inStock": true,
    "expressDelivery": false,
    "hasOtherPromotion": true,
    "channelPromotionalTextMap": {
      "-1": [
        "Save up to 20 percent on selected fragrances"
      ],
      "-6": [
        "Save up to 20 percent on selected fragrances"
      ]
    },
    "adCardPoints": 168
  },
  {
    "_id": {
      "$oid": "65ec108d9884656b92f557bb"
    },
    "ppuQuantity": "30ML",
    "pricing": {
      "perUnit": "£172.83 per 100ML",
      "regular": {
        "value": 61,
        "currency": "GBP",
        "text": "£61.00"
      },
      "current": {
        "value": 51.85,
        "currency": "GBP",
        "text": "£51.85"
      },
      "saving": {
        "value": 9.15,
        "currency": "GBP",
        "text": "£9.15"
      }
    },
    "objectId": "2957",
    "brand": "Christian Dior",
    "attributes": {
      "fragrance_scent": [
        "jasmine",
        "amber",
        "floral",
        "woody",
        "fruity",
        "vanilla",
        "musk"
      ],
      "StockOverrideMessage": "SOLD_OUT",
      "Size": [
        "30 ml",
        "30ml"
      ],
      "parentCategory_UK": "33071",
      "fragrance_type": "eau de toilette",
      "hasPriceAdvantageDeal": false,
      "Reporting_Category": "fragrance",
      "ProductReviewFlag": "1"
    },
    "variants": {
      "colours": [],
      "hasColours": false,
      "hasSizes": false
    },
    "categories": [
      [
        {
          "name": "fragrance",
          "label": "fragrance"
        },
        {
          "name": "gift",
          "label": "gift"
        }
      ],
      [
        {
          "name": "5* rated perfumes & aftershaves",
          "label": "fragrance > 5* rated perfumes & aftershaves"
        },
        {
          "name": "perfume",
          "label": "fragrance > perfume"
        },
        {
          "name": "fragrance offers",
          "label": "fragrance > fragrance offers"
        },
        {
          "name": "gifts for her",
          "label": "gift > gifts for her"
        }
      ],
      [
        {
          "name": "all perfumes",
          "label": "fragrance > perfume > all perfumes"
        },
        {
          "name": "vanilla perfume",
          "label": "fragrance > perfume > vanilla perfume"
        },
        {
          "name": "musky perfume",
          "label": "fragrance > perfume > musky perfume"
        },
        {
          "name": "floral perfume",
          "label": "fragrance > perfume > floral perfume"
        },
        {
          "name": "amber perfume",
          "label": "fragrance > perfume > amber perfume"
        },
        {
          "name": "save up to 20% on fragrance",
          "label": "fragrance > fragrance offers > save up to 20% on fragrance"
        },
        {
          "name": "Save 15% on 100s of fragrances",
          "label": "fragrance > fragrance offers > Save 15% on 100s of fragrances"
        },
        {
          "name": "all perfumes",
          "label": "gift > gifts for her > all perfumes"
        }
      ]
    ],
    "reviews": {
      "average": 4.67,
      "count": 88,
      "rounded": 4
    },
    "parent": {
      "product": "2956",
      "partNumber": "10011435.P",
      "model": "10011435",
      "manufacturerModel": "3525635"
    },
    "images": {
      "thumbnail": "https://boots.scene7.com/is/image/Boots/10011435?wid=45&hei=60&op_sharpen=1"
    },
    "offers": [
      {
        "text": "Save up to 20 percent on selected fragrances"
      }
    ],
    "actions": {},
    "iconUri": "https://boots.scene7.com/is/image/Boots/10011435?op_sharpen=1",
    "title": "DIOR Hypnotic Poison Eau de Toilette 30ml",
    "referenceUri": "/dior-hypnotic-poison-eau-de-toilette-spray-30ml-10011435",
    "canAddToBasket": "yes",
    "opticians": false,
    "inStock": true,
    "expressDelivery": false,
    "hasOtherPromotion": true,
    "channelPromotionalTextMap": {
      "-1": [
        "Save up to 20 percent on selected fragrances"
      ],
      "-6": [
        "Save up to 20 percent on selected fragrances"
      ]
    },
    "adCardPoints": 153
  },
  {
    "_id": {
      "$oid": "65ec108d9884656b92f557bc"
    },
    "ppuQuantity": "35ML",
    "pricing": {
      "perUnit": "£151.77 per 100ML",
      "regular": {
        "value": 62.5,
        "currency": "GBP",
        "text": "£62.50"
      },
      "current": {
        "value": 53.12,
        "currency": "GBP",
        "text": "£53.12"
      },
      "saving": {
        "value": 9.38,
        "currency": "GBP",
        "text": "£9.38"
      }
    },
    "objectId": "2177029",
    "brand": "Givenchy",
    "attributes": {
      "fragrance_scent": [
        "woody",
        "floral",
        "amber"
      ],
      "StockOverrideMessage": "STOCK_COMING_SOON",
      "gender": "womens",
      "size": "31-40",
      "fragrance_type": "eau de parfum",
      "hasPriceAdvantageDeal": false,
      "Reporting_Category": "fragrance",
      "ProductReviewFlag": "1"
    },
    "variants": {
      "colours": [],
      "hasColours": false,
      "hasSizes": false
    },
    "categories": [
      [
        {
          "name": "fragrance",
          "label": "fragrance"
        },
        {
          "name": "gift",
          "label": "gift"
        },
        {
          "name": "beauty & skincare",
          "label": "beauty & skincare"
        }
      ],
      [
        {
          "name": "perfume",
          "label": "fragrance > perfume"
        },
        {
          "name": "fragrance offers",
          "label": "fragrance > fragrance offers"
        },
        {
          "name": "gifts for her",
          "label": "gift > gifts for her"
        },
        {
          "name": "beauty minis",
          "label": "beauty & skincare > beauty minis"
        }
      ],
      [
        {
          "name": "all perfumes",
          "label": "fragrance > perfume > all perfumes"
        },
        {
          "name": "floral perfume",
          "label": "fragrance > perfume > floral perfume"
        },
        {
          "name": "amber perfume",
          "label": "fragrance > perfume > amber perfume"
        },
        {
          "name": "Save 15% on 100s of fragrances",
          "label": "fragrance > fragrance offers > Save 15% on 100s of fragrances"
        },
        {
          "name": "all perfumes",
          "label": "gift > gifts for her > all perfumes"
        }
      ]
    ],
    "reviews": {
      "average": 4.5,
      "count": 1265,
      "rounded": 4
    },
    "parent": {
      "product": "2177028",
      "partNumber": "10255425.P",
      "model": "10255425",
      "manufacturerModel": "8309493"
    },
    "images": {
      "thumbnail": "https://boots.scene7.com/is/image/Boots/10255425?wid=45&hei=60&op_sharpen=1"
    },
    "offers": [
      {
        "text": "Save up to 20 percent on selected fragrances"
      }
    ],
    "actions": {},
    "iconUri": "https://boots.scene7.com/is/image/Boots/10255425?op_sharpen=1",
    "title": "Givenchy L'Interdit Eau de Parfum 35ml",
    "referenceUri": "/givenchy-linterdit-eau-de-parfum-35ml-10255425",
    "canAddToBasket": "yes",
    "opticians": false,
    "inStock": true,
    "expressDelivery": false,
    "hasOtherPromotion": true,
    "channelPromotionalTextMap": {
      "-1": [
        "Save up to 20 percent on selected fragrances"
      ],
      "-6": [
        "Save up to 20 percent on selected fragrances"
      ]
    },
    "adCardPoints": 159
  },
  {
    "_id": {
      "$oid": "65ec108d9884656b92f557bd"
    },
    "ppuQuantity": "50ML",
    "pricing": {
      "perUnit": "£112.00 per 100ML",
      "regular": {
        "value": 70,
        "currency": "GBP",
        "text": "£70.00"
      },
      "current": {
        "value": 56,
        "currency": "GBP",
        "text": "£56.00"
      },
      "saving": {
        "value": 14,
        "currency": "GBP",
        "text": "£14.00"
      }
    },
    "objectId": "1654222",
    "brand": "Estee Lauder",
    "attributes": {
      "fragrance_scent": [
        "woody",
        "amber",
        "floral"
      ],
      "size": "41-50",
      "StockOverrideMessage": "STOCK_COMING_SOON",
      "gender": "womens",
      "parentCategory_UK": "33028",
      "fragrance_type": "eau de parfum",
      "hasPriceAdvantageDeal": false,
      "Reporting_Category": "fragrance",
      "gift_type": "fragrance gifts",
      "ProductReviewFlag": "1"
    },
    "variants": {
      "colours": [],
      "hasColours": false,
      "hasSizes": false
    },
    "categories": [
      [
        {
          "name": "fragrance",
          "label": "fragrance"
        },
        {
          "name": "beauty & skincare",
          "label": "beauty & skincare"
        },
        {
          "name": "gift",
          "label": "gift"
        }
      ],
      [
        {
          "name": "perfume",
          "label": "fragrance > perfume"
        },
        {
          "name": "premium beauty & skincare",
          "label": "beauty & skincare > premium beauty & skincare"
        },
        {
          "name": "gifts for her",
          "label": "gift > gifts for her"
        }
      ],
      [
        {
          "name": "save up to 25% across selected premium beauty and No7",
          "label": "beauty & skincare > premium beauty & skincare > save up to 25% across selected premium beauty and No7"
        },
        {
          "name": "all perfumes",
          "label": "fragrance > perfume > all perfumes"
        },
        {
          "name": "floral perfume",
          "label": "fragrance > perfume > floral perfume"
        },
        {
          "name": "amber perfume",
          "label": "fragrance > perfume > amber perfume"
        },
        {
          "name": "all perfumes",
          "label": "gift > gifts for her > all perfumes"
        }
      ]
    ],
    "reviews": {
      "average": 4.18,
      "count": 353,
      "rounded": 4
    },
    "parent": {
      "product": "1654221",
      "partNumber": "10191175.P",
      "model": "10191175",
      "manufacturerModel": "6196659"
    },
    "images": {
      "thumbnail": "https://boots.scene7.com/is/image/Boots/10191175?wid=45&hei=60&op_sharpen=1"
    },
    "offers": [
      {
        "text": "Save up to 25 percent across selected Premium Beauty"
      }
    ],
    "actions": {},
    "iconUri": "https://boots.scene7.com/is/image/Boots/10191175?op_sharpen=1",
    "title": "Estée Lauder Cinnabar Eau de Parfum Spray 50ml",
    "referenceUri": "/estee-lauder-cinnabar-eau-de-parfum-spray-50ml-10191175",
    "canAddToBasket": "yes",
    "opticians": false,
    "inStock": true,
    "expressDelivery": false,
    "hasOtherPromotion": true,
    "channelPromotionalTextMap": {
      "-1": [
        "Save up to 25 percent across selected Premium Beauty"
      ],
      "-6": [
        "Save up to 25 percent across selected Premium Beauty"
      ]
    },
    "adCardPoints": 168
  },
  {
    "_id": {
      "$oid": "65ec108d9884656b92f557be"
    },
    "ppuQuantity": "200ML",
    "pricing": {
      "perUnit": "£17.85 per 100ML",
      "regular": {
        "value": 42,
        "currency": "GBP",
        "text": "£42.00"
      },
      "current": {
        "value": 35.7,
        "currency": "GBP",
        "text": "£35.70"
      },
      "saving": {
        "value": 6.3,
        "currency": "GBP",
        "text": "£6.30"
      }
    },
    "objectId": "2250102",
    "brand": "Tommy Hilfiger",
    "attributes": {
      "fragrance_scent": "floral",
      "StockOverrideMessage": "STOCK_COMING_SOON",
      "gender": "womens",
      "size": "151-200",
      "fragrance_type": "eau de toilette",
      "hasPriceAdvantageDeal": false,
      "ProductReviewFlag": "1"
    },
    "variants": {
      "colours": [],
      "hasColours": false,
      "hasSizes": false
    },
    "categories": [
      [
        {
          "name": "gift",
          "label": "gift"
        },
        {
          "name": "fragrance",
          "label": "fragrance"
        }
      ],
      [
        {
          "name": "gifts for her",
          "label": "gift > gifts for her"
        },
        {
          "name": "perfume",
          "label": "fragrance > perfume"
        }
      ],
      [
        {
          "name": "all perfumes",
          "label": "gift > gifts for her > all perfumes"
        },
        {
          "name": "all perfumes",
          "label": "fragrance > perfume > all perfumes"
        }
      ]
    ],
    "reviews": {
      "average": 5,
      "count": 2,
      "rounded": 5
    },
    "parent": {
      "product": "2250101",
      "partNumber": "10262611.P",
      "model": "10262611",
      "manufacturerModel": "8465452"
    },
    "images": {
      "thumbnail": "https://boots.scene7.com/is/image/Boots/10262611?wid=45&hei=60&op_sharpen=1"
    },
    "offers": [
      {
        "text": "Save up to 20 percent on selected fragrances"
      }
    ],
    "actions": {},
    "iconUri": "https://boots.scene7.com/is/image/Boots/10262611?op_sharpen=1",
    "title": "Tommy Hilfiger Tommy Girl Eau de Toilette Spray 200ml",
    "referenceUri": "/tommy-hilfiger-tommy-girl-eau-de-toilette-200ml-10262611",
    "canAddToBasket": "yes",
    "opticians": false,
    "inStock": true,
    "expressDelivery": false,
    "hasOtherPromotion": true,
    "channelPromotionalTextMap": {
      "-1": [
        "Save up to 20 percent on selected fragrances"
      ],
      "-6": [
        "Save up to 20 percent on selected fragrances"
      ]
    },
    "adCardPoints": 105
  },
  {
    "_id": {
      "$oid": "65ec108d9884656b92f557bf"
    },
    "ppuQuantity": "50ML",
    "pricing": {
      "perUnit": "£173.40 per 100ML",
      "regular": {
        "value": 102,
        "currency": "GBP",
        "text": "£102.00"
      },
      "current": {
        "value": 86.7,
        "currency": "GBP",
        "text": "£86.70"
      },
      "saving": {
        "value": 15.3,
        "currency": "GBP",
        "text": "£15.30"
      }
    },
    "objectId": "2871613",
    "brand": "Giorgio Armani",
    "attributes": {
      "fragrance_scent": [
        "chypre",
        "fruity"
      ],
      "product_type": "body spray",
      "gender": "womens",
      "size": "41-50",
      "StockOverrideMessage": "STOCK_COMING_SOON",
      "format": "spray",
      "fragrance_type": "eau de parfum",
      "hasPriceAdvantageDeal": false,
      "ProductReviewFlag": "1"
    },
    "variants": {
      "colours": [],
      "hasColours": false,
      "hasSizes": false
    },
    "categories": [
      [
        {
          "name": "fragrance",
          "label": "fragrance"
        },
        {
          "name": "gift",
          "label": "gift"
        },
        {
          "name": "new in",
          "label": "new in"
        }
      ],
      [
        {
          "name": "perfume",
          "label": "fragrance > perfume"
        },
        {
          "name": "gifts for her",
          "label": "gift > gifts for her"
        },
        {
          "name": "luxury fragrance",
          "label": "fragrance > luxury fragrance"
        },
        {
          "name": "new in fragrance",
          "label": "fragrance > new in fragrance"
        },
        {
          "name": "brands",
          "label": "fragrance > brands"
        },
        {
          "name": "new in fragrance",
          "label": "new in > new in fragrance"
        }
      ],
      [
        {
          "name": "all perfumes",
          "label": "fragrance > perfume > all perfumes"
        },
        {
          "name": "all perfumes",
          "label": "gift > gifts for her > all perfumes"
        }
      ]
    ],
    "reviews": {
      "average": 4.83,
      "count": 151,
      "rounded": 4
    },
    "parent": {
      "product": "2871612",
      "partNumber": "10333296.P",
      "model": "10333296",
      "manufacturerModel": "5767075"
    },
    "images": {
      "thumbnail": "https://boots.scene7.com/is/image/Boots/10333296?wid=45&hei=60&op_sharpen=1"
    },
    "offers": [
      {
        "text": "Free Giorgio Armani Si Eau de Parfum 15ml when you buy Giorgio Armani Si 50ml or above - whilst stocks last"
      },
      {
        "text": "Save up to 20 percent on selected fragrances"
      }
    ],
    "actions": {},
    "iconUri": "https://boots.scene7.com/is/image/Boots/10333296?op_sharpen=1",
    "title": "Giorgio Armani Sì Eau de Parfum Intense 50ml",
    "referenceUri": "/giorgio-armani-si-eau-de-parfum-intense-50ml-10333296",
    "canAddToBasket": "yes",
    "opticians": false,
    "inStock": true,
    "expressDelivery": false,
    "hasOtherPromotion": true,
    "channelPromotionalTextMap": {
      "-1": [
        "Free Giorgio Armani Si Eau de Parfum 15ml when you buy Giorgio Armani Si 50ml or above - whilst stocks last",
        "Save up to 20 percent on selected fragrances"
      ],
      "-6": [
        "Free Giorgio Armani Si Eau de Parfum 15ml when you buy Giorgio Armani Si 50ml or above - whilst stocks last",
        "Save up to 20 percent on selected fragrances"
      ]
    },
    "adCardPoints": 258
  },
  {
    "_id": {
      "$oid": "65ec108d9884656b92f557c0"
    },
    "ppuQuantity": "150ML",
    "pricing": {
      "perUnit": "£20.00 per 100ML",
      "regular": {
        "value": 60,
        "currency": "GBP",
        "text": "£60.00"
      },
      "current": {
        "value": 30,
        "currency": "GBP",
        "text": "£30.00"
      },
      "saving": {
        "value": 30,
        "currency": "GBP",
        "text": "£30.00"
      }
    },
    "objectId": "38799",
    "brand": "Calvin Klein",
    "attributes": {
      "fragrance_scent": [
        "amber",
        "floral"
      ],
      "gender": "womens",
      "StockOverrideMessage": "SOLD_OUT",
      "size": "101-150",
      "Size": [
        "150ml",
        "150 ml"
      ],
      "parentCategory_UK": "33071",
      "fragrance_type": "eau de toilette",
      "recipient": "gifts for women",
      "hasPriceAdvantageDeal": false,
      "Reporting_Category": "fragrance",
      "gift_type": "fragrance gifts",
      "ProductReviewFlag": "1"
    },
    "variants": {
      "colours": [],
      "hasColours": false,
      "hasSizes": false
    },
    "categories": [
      [
        {
          "name": "fragrance",
          "label": "fragrance"
        },
        {
          "name": "gift",
          "label": "gift"
        }
      ],
      [
        {
          "name": "perfume",
          "label": "fragrance > perfume"
        },
        {
          "name": "fragrance offers",
          "label": "fragrance > fragrance offers"
        },
        {
          "name": "gifts for her",
          "label": "gift > gifts for her"
        }
      ],
      [
        {
          "name": "all perfumes",
          "label": "fragrance > perfume > all perfumes"
        },
        {
          "name": "floral perfume",
          "label": "fragrance > perfume > floral perfume"
        },
        {
          "name": "amber perfume",
          "label": "fragrance > perfume > amber perfume"
        },
        {
          "name": "everyday low prices",
          "label": "fragrance > fragrance offers > everyday low prices"
        },
        {
          "name": "save up to 20% on fragrance",
          "label": "fragrance > fragrance offers > save up to 20% on fragrance"
        },
        {
          "name": "all perfumes",
          "label": "gift > gifts for her > all perfumes"
        }
      ]
    ],
    "reviews": {
      "average": 4.77,
      "count": 162,
      "rounded": 4
    },
    "parent": {
      "product": "38798",
      "partNumber": "10063707.P",
      "model": "10063707",
      "manufacturerModel": "5186617"
    },
    "images": {
      "thumbnail": "https://boots.scene7.com/is/image/Boots/10063707?wid=45&hei=60&op_sharpen=1"
    },
    "offers": [
      {
        "text": "Save up to 1/2 price on selected fragrances"
      }
    ],
    "actions": {},
    "iconUri": "https://boots.scene7.com/is/image/Boots/10063707?op_sharpen=1",
    "title": "Calvin Klein CK IN2U Eau de Toilette for Women 150ml",
    "referenceUri": "/calvin-klein-ckin2u-her-eau-de-toilette-150ml-10063707",
    "canAddToBasket": "yes",
    "opticians": false,
    "inStock": true,
    "expressDelivery": false,
    "hasOtherPromotion": true,
    "channelPromotionalTextMap": {
      "-1": [
        "Save up to 1/2 price on selected fragrances"
      ],
      "-6": [
        "Save up to 1/2 price on selected fragrances"
      ]
    },
    "adCardPoints": 90
  },
  {
    "_id": {
      "$oid": "65ec108d9884656b92f557c1"
    },
    "ppuQuantity": "100ML",
    "pricing": {
      "perUnit": "£85.00 per 100ML",
      "regular": {
        "value": 100,
        "currency": "GBP",
        "text": "£100.00"
      },
      "current": {
        "value": 85,
        "currency": "GBP",
        "text": "£85.00"
      },
      "saving": {
        "value": 15,
        "currency": "GBP",
        "text": "£15.00"
      }
    },
    "objectId": "2822655",
    "brand": "Valentino",
    "attributes": {
      "fragrance_scent": "floral",
      "StockOverrideMessage": "STOCK_COMING_SOON",
      "gender": "womens",
      "size": "41-50",
      "fragrance_type": "eau de parfum",
      "hasPriceAdvantageDeal": false,
      "ProductReviewFlag": "1"
    },
    "variants": {
      "colours": [],
      "hasColours": false,
      "hasSizes": false
    },
    "categories": [
      [
        {
          "name": "new in",
          "label": "new in"
        },
        {
          "name": "fragrance",
          "label": "fragrance"
        },
        {
          "name": "gift",
          "label": "gift"
        }
      ],
      [
        {
          "name": "new in fragrance",
          "label": "new in > new in fragrance"
        },
        {
          "name": "perfume",
          "label": "fragrance > perfume"
        },
        {
          "name": "gifts for her",
          "label": "gift > gifts for her"
        },
        {
          "name": "new in fragrance",
          "label": "fragrance > new in fragrance"
        },
        {
          "name": "brands",
          "label": "fragrance > brands"
        },
        {
          "name": "5* rated perfumes & aftershaves",
          "label": "fragrance > 5* rated perfumes & aftershaves"
        }
      ],
      [
        {
          "name": "all perfumes",
          "label": "fragrance > perfume > all perfumes"
        },
        {
          "name": "floral perfume",
          "label": "fragrance > perfume > floral perfume"
        },
        {
          "name": "all perfumes",
          "label": "gift > gifts for her > all perfumes"
        }
      ]
    ],
    "reviews": {
      "average": 4.74,
      "count": 809,
      "rounded": 4
    },
    "parent": {
      "product": "2822654",
      "partNumber": "10326989.P",
      "model": "10326989",
      "manufacturerModel": "5449952"
    },
    "images": {
      "thumbnail": "https://boots.scene7.com/is/image/Boots/10326989?wid=45&hei=60&op_sharpen=1"
    },
    "offers": [
      {
        "text": "Save up to 20 percent on selected fragrances"
      }
    ],
    "actions": {},
    "iconUri": "https://boots.scene7.com/is/image/Boots/10326989?op_sharpen=1",
    "title": "Valentino Born in Roma Uomo Eau de Parfum Intense 100ml",
    "referenceUri": "/valentino-born-in-roma-uomo-eau-de-parfum-intense-100ml-10326989",
    "canAddToBasket": "yes",
    "opticians": false,
    "inStock": true,
    "expressDelivery": false,
    "hasOtherPromotion": true,
    "channelPromotionalTextMap": {
      "-1": [
        "Save up to 20 percent on selected fragrances"
      ],
      "-6": [
        "Save up to 20 percent on selected fragrances"
      ]
    },
    "adCardPoints": 255
  },
  {
    "_id": {
      "$oid": "65ec108d9884656b92f557c2"
    },
    "ppuQuantity": "100ML",
    "pricing": {
      "perUnit": "£106.25 per 100ML",
      "regular": {
        "value": 125,
        "currency": "GBP",
        "text": "£125.00"
      },
      "current": {
        "value": 106.25,
        "currency": "GBP",
        "text": "£106.25"
      },
      "saving": {
        "value": 18.75,
        "currency": "GBP",
        "text": "£18.75"
      }
    },
    "objectId": "2865107",
    "brand": "Jean Paul Gaultier",
    "attributes": {
      "fragrance_scent": "floral",
      "suitable_for": "vegan",
      "product_type": "body spray",
      "StockOverrideMessage": "STOCK_COMING_SOON",
      "size": "71-100",
      "gender": "womens",
      "format": "spray",
      "fragrance_type": "eau de parfum",
      "hasPriceAdvantageDeal": false,
      "ProductReviewFlag": "1"
    },
    "variants": {
      "colours": [],
      "hasColours": false,
      "hasSizes": false
    },
    "categories": [
      [
        {
          "name": "fragrance",
          "label": "fragrance"
        },
        {
          "name": "sun & holiday",
          "label": "sun & holiday"
        },
        {
          "name": "gift",
          "label": "gift"
        },
        {
          "name": "new in",
          "label": "new in"
        }
      ],
      [
        {
          "name": "perfume",
          "label": "fragrance > perfume"
        },
        {
          "name": "love island",
          "label": "sun & holiday > love island"
        },
        {
          "name": "gifts for her",
          "label": "gift > gifts for her"
        },
        {
          "name": "luxury fragrance",
          "label": "fragrance > luxury fragrance"
        },
        {
          "name": "new in fragrance",
          "label": "fragrance > new in fragrance"
        },
        {
          "name": "brands",
          "label": "fragrance > brands"
        },
        {
          "name": "new in fragrance",
          "label": "new in > new in fragrance"
        }
      ],
      [
        {
          "name": "all perfumes",
          "label": "fragrance > perfume > all perfumes"
        },
        {
          "name": "floral perfume",
          "label": "fragrance > perfume > floral perfume"
        },
        {
          "name": "perfume refill bottles",
          "label": "fragrance > perfume > perfume refill bottles"
        },
        {
          "name": "shop the love island villa",
          "label": "sun & holiday > love island > shop the love island villa"
        },
        {
          "name": "all perfumes",
          "label": "gift > gifts for her > all perfumes"
        }
      ]
    ],
    "reviews": {
      "average": 4.62,
      "count": 1129,
      "rounded": 4
    },
    "parent": {
      "product": "2865106",
      "partNumber": "10332269.P",
      "model": "10332269",
      "manufacturerModel": "5747538"
    },
    "images": {
      "thumbnail": "https://boots.scene7.com/is/image/Boots/10332269?wid=45&hei=60&op_sharpen=1"
    },
    "offers": [
      {
        "text": "Save up to 20 percent on selected fragrances"
      }
    ],
    "actions": {},
    "iconUri": "https://boots.scene7.com/is/image/Boots/10332269?op_sharpen=1",
    "title": "Jean Paul Gaultier Gaultier Divine Eau de Parfum Refillable 100ml",
    "referenceUri": "/jean-paul-gaultier-divine-eau-de-parfum-refillable-100ml-10332269",
    "canAddToBasket": "yes",
    "opticians": false,
    "inStock": true,
    "expressDelivery": false,
    "hasOtherPromotion": true,
    "channelPromotionalTextMap": {
      "-1": [
        "Save up to 20 percent on selected fragrances"
      ],
      "-6": [
        "Save up to 20 percent on selected fragrances"
      ]
    },
    "adCardPoints": 318
  },
  {
    "_id": {
      "$oid": "65ec108d9884656b92f557c3"
    },
    "ppuQuantity": "100ML",
    "pricing": {
      "perUnit": "£2.50 per 100ML",
      "regular": {
        "value": 2.5,
        "currency": "GBP",
        "text": "£2.50"
      },
      "current": {
        "value": 2.5,
        "currency": "GBP",
        "text": "£2.50"
      }
    },
    "objectId": "2432997",
    "brand": "Momento",
    "attributes": {
      "fragrance_scent": [
        "floral",
        "musk",
        "amber"
      ],
      "suitable_for": "vegan",
      "product_type": [
        "body spray",
        "body spray"
      ],
      "size": "71-100",
      "gender": "womens",
      "StockOverrideMessage": "STOCK_COMING_SOON",
      "format": "spray",
      "hasPriceAdvantageDeal": false,
      "ProductReviewFlag": "1"
    },
    "variants": {
      "colours": [],
      "hasColours": false,
      "hasSizes": false
    },
    "categories": [
      [
        {
          "name": "vegan",
          "label": "vegan"
        },
        {
          "name": "fragrance",
          "label": "fragrance"
        },
        {
          "name": "gift",
          "label": "gift"
        },
        {
          "name": "wellness",
          "label": "wellness"
        },
        {
          "name": "beauty & skincare",
          "label": "beauty & skincare"
        }
      ],
      [
        {
          "name": "vegan fragrance",
          "label": "vegan > vegan fragrance"
        },
        {
          "name": "perfume",
          "label": "fragrance > perfume"
        },
        {
          "name": "gifts for her",
          "label": "gift > gifts for her"
        },
        {
          "name": "vegan",
          "label": "wellness > vegan"
        },
        {
          "name": "vegan beauty",
          "label": "beauty & skincare > vegan beauty"
        },
        {
          "name": "fragrance exclusives",
          "label": "fragrance > fragrance exclusives"
        },
        {
          "name": "vegan fragrance",
          "label": "fragrance > vegan fragrance"
        },
        {
          "name": "vegan beauty",
          "label": "vegan > vegan beauty"
        }
      ],
      [
        {
          "name": "all perfumes",
          "label": "fragrance > perfume > all perfumes"
        },
        {
          "name": "hair & body mists",
          "label": "fragrance > perfume > hair & body mists"
        },
        {
          "name": "musky perfume",
          "label": "fragrance > perfume > musky perfume"
        },
        {
          "name": "floral perfume",
          "label": "fragrance > perfume > floral perfume"
        },
        {
          "name": "amber perfume",
          "label": "fragrance > perfume > amber perfume"
        },
        {
          "name": "all perfumes",
          "label": "gift > gifts for her > all perfumes"
        },
        {
          "name": "vegan beauty",
          "label": "wellness > vegan > vegan beauty"
        },
        {
          "name": "vegan fragrance",
          "label": "wellness > vegan > vegan fragrance"
        }
      ]
    ],
    "reviews": {
      "average": 4.48,
      "count": 58,
      "rounded": 4
    },
    "parent": {
      "product": "2432996",
      "partNumber": "10285878.P",
      "model": "10285878",
      "manufacturerModel": "8967725"
    },
    "images": {
      "thumbnail": "https://boots.scene7.com/is/image/Boots/10285878?wid=45&hei=60&op_sharpen=1"
    },
    "offers": [],
    "actions": {},
    "iconUri": "https://boots.scene7.com/is/image/Boots/10285878?op_sharpen=1",
    "title": "Momento Soaring Escape body mist 100ml",
    "referenceUri": "/momento-soaring-body-mist-100ml-10285878",
    "canAddToBasket": "yes",
    "opticians": false,
    "inStock": true,
    "expressDelivery": false,
    "hasOtherPromotion": false,
    "channelPromotionalTextMap": {
      "-1": [],
      "-6": []
    },
    "adCardPoints": 6
  },
  {
    "_id": {
      "$oid": "65ec108d9884656b92f557c4"
    },
    "ppuQuantity": "20ML",
    "pricing": {
      "perUnit": "£178.50 per 100ML",
      "regular": {
        "value": 42,
        "currency": "GBP",
        "text": "£42.00"
      },
      "current": {
        "value": 35.7,
        "currency": "GBP",
        "text": "£35.70"
      },
      "saving": {
        "value": 6.3,
        "currency": "GBP",
        "text": "£6.30"
      }
    },
    "objectId": "2488000",
    "brand": "Christian Dior",
    "attributes": {
      "fragrance_scent": "floral",
      "size": "11-20",
      "StockOverrideMessage": "STOCK_COMING_SOON",
      "gender": "womens",
      "fragrance_type": "eau de toilette",
      "format": "roll-on",
      "hasPriceAdvantageDeal": false,
      "Reporting_Category": "fragrance",
      "ProductReviewFlag": "1"
    },
    "variants": {
      "colours": [],
      "hasColours": false,
      "hasSizes": false
    },
    "categories": [
      [
        {
          "name": "fragrance",
          "label": "fragrance"
        },
        {
          "name": "gift",
          "label": "gift"
        }
      ],
      [
        {
          "name": "5* rated perfumes & aftershaves",
          "label": "fragrance > 5* rated perfumes & aftershaves"
        },
        {
          "name": "perfume",
          "label": "fragrance > perfume"
        },
        {
          "name": "gifts for her",
          "label": "gift > gifts for her"
        },
        {
          "name": "luxury fragrance",
          "label": "fragrance > luxury fragrance"
        }
      ],
      [
        {
          "name": "all perfumes",
          "label": "fragrance > perfume > all perfumes"
        },
        {
          "name": "floral perfume",
          "label": "fragrance > perfume > floral perfume"
        },
        {
          "name": "all perfumes",
          "label": "gift > gifts for her > all perfumes"
        }
      ]
    ],
    "reviews": {
      "average": 4.29,
      "count": 1009,
      "rounded": 4
    },
    "parent": {
      "product": "2487999",
      "partNumber": "10290739.P",
      "model": "10290739",
      "manufacturerModel": "2343819"
    },
    "images": {
      "thumbnail": "https://boots.scene7.com/is/image/Boots/10290739?wid=45&hei=60&op_sharpen=1"
    },
    "offers": [
      {
        "text": "Save up to 20 percent on selected fragrances"
      }
    ],
    "actions": {},
    "iconUri": "https://boots.scene7.com/is/image/Boots/10290739?op_sharpen=1",
    "title": "DIOR Miss Dior Rose N'Roses Eau de Toilette Roller-Pearl",
    "referenceUri": "/miss-dior-rose-nroses-eau-de-toilette-roller-pearl-10290739",
    "canAddToBasket": "yes",
    "opticians": false,
    "inStock": true,
    "expressDelivery": false,
    "hasOtherPromotion": true,
    "channelPromotionalTextMap": {
      "-1": [
        "Save up to 20 percent on selected fragrances"
      ],
      "-6": [
        "Save up to 20 percent on selected fragrances"
      ]
    },
    "adCardPoints": 105
  },
  {
    "_id": {
      "$oid": "65ec108d9884656b92f557c5"
    },
    "ppuQuantity": "50ML",
    "pricing": {
      "perUnit": "£164.90 per 100ML",
      "regular": {
        "value": 97,
        "currency": "GBP",
        "text": "£97.00"
      },
      "current": {
        "value": 82.45,
        "currency": "GBP",
        "text": "£82.45"
      },
      "saving": {
        "value": 14.55,
        "currency": "GBP",
        "text": "£14.55"
      }
    },
    "objectId": "14876",
    "brand": "Christian Dior",
    "attributes": {
      "fragrance_scent": [
        "musk",
        "amber",
        "woody"
      ],
      "gender": "womens",
      "StockOverrideMessage": "STOCK_COMING_SOON",
      "size": "41-50",
      "Size": "50ml",
      "parentCategory_UK": "33071",
      "fragrance_type": "eau de parfum",
      "hasPriceAdvantageDeal": false,
      "Reporting_Category": "fragrance",
      "ProductReviewFlag": "1"
    },
    "variants": {
      "colours": [],
      "hasColours": false,
      "hasSizes": false
    },
    "categories": [
      [
        {
          "name": "fragrance",
          "label": "fragrance"
        },
        {
          "name": "gift",
          "label": "gift"
        }
      ],
      [
        {
          "name": "5* rated perfumes & aftershaves",
          "label": "fragrance > 5* rated perfumes & aftershaves"
        },
        {
          "name": "perfume",
          "label": "fragrance > perfume"
        },
        {
          "name": "fragrance offers",
          "label": "fragrance > fragrance offers"
        },
        {
          "name": "gifts for her",
          "label": "gift > gifts for her"
        }
      ],
      [
        {
          "name": "all perfumes",
          "label": "fragrance > perfume > all perfumes"
        },
        {
          "name": "musky perfume",
          "label": "fragrance > perfume > musky perfume"
        },
        {
          "name": "amber perfume",
          "label": "fragrance > perfume > amber perfume"
        },
        {
          "name": "save up to 20% on fragrance",
          "label": "fragrance > fragrance offers > save up to 20% on fragrance"
        },
        {
          "name": "Save 15% on 100s of fragrances",
          "label": "fragrance > fragrance offers > Save 15% on 100s of fragrances"
        },
        {
          "name": "all perfumes",
          "label": "gift > gifts for her > all perfumes"
        }
      ]
    ],
    "reviews": {
      "average": 5,
      "count": 1,
      "rounded": 5
    },
    "parent": {
      "product": "14875",
      "partNumber": "10040345.P",
      "model": "10040345",
      "manufacturerModel": "4943198"
    },
    "images": {
      "thumbnail": "https://boots.scene7.com/is/image/Boots/10040345?wid=45&hei=60&op_sharpen=1"
    },
    "offers": [
      {
        "text": "Save up to 20 percent on selected fragrances"
      }
    ],
    "actions": {},
    "iconUri": "https://boots.scene7.com/is/image/Boots/10040345?op_sharpen=1",
    "title": "DIOR Pure Poison Eau de Parfum 50ml",
    "referenceUri": "/dior-pure-poison-eau-de-parfum-50ml-10040345",
    "canAddToBasket": "yes",
    "opticians": false,
    "inStock": true,
    "expressDelivery": false,
    "hasOtherPromotion": true,
    "channelPromotionalTextMap": {
      "-1": [
        "Save up to 20 percent on selected fragrances"
      ],
      "-6": [
        "Save up to 20 percent on selected fragrances"
      ]
    },
    "adCardPoints": 246
  },
  {
    "_id": {
      "$oid": "65ec108d9884656b92f557c6"
    },
    "ppuQuantity": "90ML",
    "pricing": {
      "perUnit": "£47.40 per 100ML",
      "regular": {
        "value": 64,
        "currency": "GBP",
        "text": "£64.00"
      },
      "current": {
        "value": 42.66,
        "currency": "GBP",
        "text": "£42.66"
      },
      "saving": {
        "value": 21.34,
        "currency": "GBP",
        "text": "£21.34"
      }
    },
    "objectId": "3859",
    "brand": "Hugo Boss",
    "attributes": {
      "fragrance_scent": "amber",
      "StockOverrideMessage": "STOCK_COMING_SOON",
      "size": "71-100",
      "gender": "womens",
      "parentCategory_UK": "33071",
      "fragrance_type": "eau de parfum",
      "hasPriceAdvantageDeal": false,
      "Reporting_Category": "fragrance",
      "gift_type": "fragrance gifts",
      "ProductReviewFlag": "1"
    },
    "variants": {
      "colours": [],
      "hasColours": false,
      "hasSizes": false
    },
    "categories": [
      [
        {
          "name": "fragrance",
          "label": "fragrance"
        },
        {
          "name": "gift",
          "label": "gift"
        }
      ],
      [
        {
          "name": "5* rated perfumes & aftershaves",
          "label": "fragrance > 5* rated perfumes & aftershaves"
        },
        {
          "name": "perfume",
          "label": "fragrance > perfume"
        },
        {
          "name": "fragrance offers",
          "label": "fragrance > fragrance offers"
        },
        {
          "name": "gifts for her",
          "label": "gift > gifts for her"
        }
      ],
      [
        {
          "name": "all perfumes",
          "label": "fragrance > perfume > all perfumes"
        },
        {
          "name": "amber perfume",
          "label": "fragrance > perfume > amber perfume"
        },
        {
          "name": "save up to half price",
          "label": "fragrance > fragrance offers > save up to half price"
        },
        {
          "name": "Save 15% on 100s of fragrances",
          "label": "fragrance > fragrance offers > Save 15% on 100s of fragrances"
        },
        {
          "name": "all perfumes",
          "label": "gift > gifts for her > all perfumes"
        }
      ]
    ],
    "reviews": {
      "average": 4.83,
      "count": 88,
      "rounded": 4
    },
    "parent": {
      "product": "3858",
      "partNumber": "10013383.P",
      "model": "10013383",
      "manufacturerModel": "2088975"
    },
    "images": {
      "thumbnail": "https://boots.scene7.com/is/image/Boots/10013383?wid=45&hei=60&op_sharpen=1"
    },
    "offers": [
      {
        "text": "Save up to 1/2 price on selected fragrances"
      }
    ],
    "actions": {},
    "iconUri": "https://boots.scene7.com/is/image/Boots/10013383?op_sharpen=1",
    "title": "HUGO Deep Red for Her Eau de Parfum 90ml",
    "referenceUri": "/hugo-boss-boss-deep-red-eau-de-parfum-90ml-10013383",
    "canAddToBasket": "yes",
    "opticians": false,
    "inStock": true,
    "expressDelivery": false,
    "hasOtherPromotion": true,
    "channelPromotionalTextMap": {
      "-1": [
        "Save up to 1/2 price on selected fragrances"
      ],
      "-6": [
        "Save up to 1/2 price on selected fragrances"
      ]
    },
    "adCardPoints": 126
  },
  {
    "_id": {
      "$oid": "65ec108d9884656b92f557c7"
    },
    "ppuQuantity": "100ML",
    "pricing": {
      "perUnit": "£24.00 per 100ML",
      "regular": {
        "value": 53,
        "currency": "GBP",
        "text": "£53.00"
      },
      "current": {
        "value": 24,
        "currency": "GBP",
        "text": "£24.00"
      },
      "saving": {
        "value": 29,
        "currency": "GBP",
        "text": "£29.00"
      }
    },
    "objectId": "38797",
    "brand": "Calvin Klein",
    "attributes": {
      "fragrance_scent": [
        "amber",
        "floral"
      ],
      "StockOverrideMessage": "STOCK_COMING_SOON",
      "gender": "womens",
      "size": "71-100",
      "Size": [
        "100 ml",
        "100ml"
      ],
      "parentCategory_UK": "33071",
      "fragrance_type": "eau de toilette",
      "hasPriceAdvantageDeal": false,
      "Reporting_Category": "fragrance",
      "ProductReviewFlag": "1"
    },
    "variants": {
      "colours": [],
      "hasColours": false,
      "hasSizes": false
    },
    "categories": [
      [
        {
          "name": "fragrance",
          "label": "fragrance"
        },
        {
          "name": "gift",
          "label": "gift"
        }
      ],
      [
        {
          "name": "perfume",
          "label": "fragrance > perfume"
        },
        {
          "name": "fragrance offers",
          "label": "fragrance > fragrance offers"
        },
        {
          "name": "gifts for her",
          "label": "gift > gifts for her"
        }
      ],
      [
        {
          "name": "all perfumes",
          "label": "fragrance > perfume > all perfumes"
        },
        {
          "name": "floral perfume",
          "label": "fragrance > perfume > floral perfume"
        },
        {
          "name": "amber perfume",
          "label": "fragrance > perfume > amber perfume"
        },
        {
          "name": "everyday low prices",
          "label": "fragrance > fragrance offers > everyday low prices"
        },
        {
          "name": "all perfumes",
          "label": "gift > gifts for her > all perfumes"
        }
      ]
    ],
    "reviews": {
      "average": 4.77,
      "count": 162,
      "rounded": 4
    },
    "parent": {
      "product": "38796",
      "partNumber": "10063706.P",
      "model": "10063706",
      "manufacturerModel": "5186579"
    },
    "images": {
      "thumbnail": "https://boots.scene7.com/is/image/Boots/10063706?wid=45&hei=60&op_sharpen=1"
    },
    "offers": [
      {
        "text": "Save up to 1/2 price on selected fragrances"
      }
    ],
    "actions": {},
    "iconUri": "https://boots.scene7.com/is/image/Boots/10063706?op_sharpen=1",
    "title": "Calvin Klein CK IN2U Eau de Toilette for Women 100ml",
    "referenceUri": "/calvin-klein-ckin2u-her-eau-de-toilette-100ml-10063706",
    "canAddToBasket": "yes",
    "opticians": false,
    "inStock": true,
    "expressDelivery": false,
    "hasOtherPromotion": true,
    "channelPromotionalTextMap": {
      "-1": [
        "Save up to 1/2 price on selected fragrances"
      ],
      "-6": [
        "Save up to 1/2 price on selected fragrances"
      ]
    },
    "adCardPoints": 72
  },
  {
    "_id": {
      "$oid": "65ec108d9884656b92f557c8"
    },
    "ppuQuantity": "50ML",
    "pricing": {
      "perUnit": "£105.40 per 100ML",
      "regular": {
        "value": 62,
        "currency": "GBP",
        "text": "£62.00"
      },
      "current": {
        "value": 52.7,
        "currency": "GBP",
        "text": "£52.70"
      },
      "saving": {
        "value": 9.3,
        "currency": "GBP",
        "text": "£9.30"
      }
    },
    "objectId": "2694845",
    "brand": "Liz Earle",
    "attributes": {
      "fragrance_scent": "floral",
      "product_type": "perfume",
      "size": "41-50",
      "StockOverrideMessage": "STOCK_COMING_SOON",
      "fragrance_type": "eau de parfum",
      "hasPriceAdvantageDeal": false,
      "key_features": "scented",
      "ProductReviewFlag": "1"
    },
    "variants": {
      "colours": [],
      "hasColours": false,
      "hasSizes": false
    },
    "categories": [
      [
        {
          "name": "fragrance",
          "label": "fragrance"
        },
        {
          "name": "gift",
          "label": "gift"
        }
      ],
      [
        {
          "name": "5* rated perfumes & aftershaves",
          "label": "fragrance > 5* rated perfumes & aftershaves"
        },
        {
          "name": "perfume",
          "label": "fragrance > perfume"
        },
        {
          "name": "gifts for her",
          "label": "gift > gifts for her"
        },
        {
          "name": "brands",
          "label": "fragrance > brands"
        }
      ],
      [
        {
          "name": "all perfumes",
          "label": "fragrance > perfume > all perfumes"
        },
        {
          "name": "all perfumes",
          "label": "gift > gifts for her > all perfumes"
        }
      ]
    ],
    "reviews": {
      "average": 4.74,
      "count": 68,
      "rounded": 4
    },
    "parent": {
      "product": "2694844",
      "partNumber": "10314626.P",
      "model": "10314626",
      "manufacturerModel": "3379221"
    },
    "images": {
      "thumbnail": "https://boots.scene7.com/is/image/Boots/10314626?wid=45&hei=60&op_sharpen=1"
    },
    "offers": [
      {
        "text": "Use code LIZEARLE10 to save £10 when you spend £30 on selected Liz Earle - online only"
      },
      {
        "text": "Save up to 25 percent across selected Premium Beauty"
      }
    ],
    "actions": {},
    "iconUri": "https://boots.scene7.com/is/image/Boots/10314626?op_sharpen=1",
    "title": "Liz Earle Botanical Essence No.100 Eau de Parfum 50ml",
    "referenceUri": "/liz-earle-botanical-essence%E2%84%A2-no100-eau-de-parfum-50ml-10314626",
    "canAddToBasket": "yes",
    "opticians": false,
    "inStock": true,
    "expressDelivery": false,
    "hasOtherPromotion": true,
    "channelPromotionalTextMap": {
      "-1": [
        "Use code LIZEARLE10 to save £10 when you spend £30 on selected Liz Earle - online only",
        "Save up to 25 percent across selected Premium Beauty"
      ],
      "-6": [
        "Use code LIZEARLE10 to save £10 when you spend £30 on selected Liz Earle - online only",
        "Save up to 25 percent across selected Premium Beauty"
      ]
    },
    "adCardPoints": 156
  },
  {
    "_id": {
      "$oid": "65ec108d9884656b92f557c9"
    },
    "ppuQuantity": "100ML",
    "pricing": {
      "perUnit": "£36.00 per 100ML",
      "regular": {
        "value": 48,
        "currency": "GBP",
        "text": "£48.00"
      },
      "current": {
        "value": 36,
        "currency": "GBP",
        "text": "£36.00"
      },
      "saving": {
        "value": 12,
        "currency": "GBP",
        "text": "£12.00"
      }
    },
    "objectId": "2690983",
    "brand": "Elizabeth Arden",
    "attributes": {
      "fragrance_scent": "floral",
      "StockOverrideMessage": "STOCK_COMING_SOON",
      "size": "71-100",
      "gender": "womens",
      "fragrance_type": "eau de parfum",
      "hasPriceAdvantageDeal": false,
      "Reporting_Category": "fragrance",
      "ProductReviewFlag": "1"
    },
    "variants": {
      "colours": [],
      "hasColours": false,
      "hasSizes": false
    },
    "categories": [
      [
        {
          "name": "new in",
          "label": "new in"
        },
        {
          "name": "beauty & skincare",
          "label": "beauty & skincare"
        },
        {
          "name": "fragrance",
          "label": "fragrance"
        },
        {
          "name": "gift",
          "label": "gift"
        }
      ],
      [
        {
          "name": "premium beauty & skincare",
          "label": "beauty & skincare > premium beauty & skincare"
        },
        {
          "name": "perfume",
          "label": "fragrance > perfume"
        },
        {
          "name": "gifts for her",
          "label": "gift > gifts for her"
        },
        {
          "name": "brands",
          "label": "fragrance > brands"
        },
        {
          "name": "new in premium beauty & skincare",
          "label": "new in > new in premium beauty & skincare"
        }
      ],
      [
        {
          "name": "save up to 25% across selected premium beauty and No7",
          "label": "beauty & skincare > premium beauty & skincare > save up to 25% across selected premium beauty and No7"
        },
        {
          "name": "new in premium beauty & skincare",
          "label": "beauty & skincare > premium beauty & skincare > new in premium beauty & skincare"
        },
        {
          "name": "all perfumes",
          "label": "fragrance > perfume > all perfumes"
        },
        {
          "name": "all perfumes",
          "label": "gift > gifts for her > all perfumes"
        }
      ]
    ],
    "reviews": {
      "average": 4.32,
      "count": 19,
      "rounded": 4
    },
    "parent": {
      "product": "2690982",
      "partNumber": "10313959.P",
      "model": "10313959",
      "manufacturerModel": "3258327"
    },
    "images": {
      "thumbnail": "https://boots.scene7.com/is/image/Boots/10313959?wid=45&hei=60&op_sharpen=1"
    },
    "offers": [
      {
        "text": "Spend £45 on selected Elizabeth Arden and receive Elizabeth Arden Icons Set for £75, worth £281"
      },
      {
        "text": "Save up to 25 percent across selected Premium Beauty"
      }
    ],
    "actions": {},
    "iconUri": "https://boots.scene7.com/is/image/Boots/10313959?op_sharpen=1",
    "title": "Elizabeth Arden White Tea Eau De Parfum 100ml",
    "referenceUri": "/elizabeth-arden-white-tea-eau-de-parfum-100ml-10313959",
    "canAddToBasket": "yes",
    "opticians": false,
    "inStock": true,
    "expressDelivery": false,
    "hasOtherPromotion": true,
    "channelPromotionalTextMap": {
      "-1": [
        "Spend £45 on selected Elizabeth Arden and receive Elizabeth Arden Icons Set for £75, worth £281",
        "Save up to 25 percent across selected Premium Beauty"
      ],
      "-6": [
        "Spend £45 on selected Elizabeth Arden and receive Elizabeth Arden Icons Set for £75, worth £281",
        "Save up to 25 percent across selected Premium Beauty"
      ]
    },
    "adCardPoints": 108
  },
  {
    "_id": {
      "$oid": "65ec108d9884656b92f557ca"
    },
    "ppuQuantity": "30ML",
    "pricing": {
      "perUnit": "£75.00 per 100ML",
      "regular": {
        "value": 30,
        "currency": "GBP",
        "text": "£30.00"
      },
      "current": {
        "value": 22.5,
        "currency": "GBP",
        "text": "£22.50"
      },
      "saving": {
        "value": 7.5,
        "currency": "GBP",
        "text": "£7.50"
      }
    },
    "objectId": "1160268",
    "brand": "Elizabeth Arden",
    "attributes": {
      "fragrance_scent": [
        "woody",
        "floral"
      ],
      "StockOverrideMessage": "SOLD_OUT",
      "size": "21-30",
      "Size": "30ml",
      "parentCategory_UK": "33035",
      "format": "spray",
      "fragrance_type": "eau de toilette",
      "hasPriceAdvantageDeal": false,
      "Reporting_Category": "fragrance",
      "ProductReviewFlag": "1"
    },
    "variants": {
      "colours": [],
      "hasColours": false,
      "hasSizes": false
    },
    "categories": [
      [
        {
          "name": "fragrance",
          "label": "fragrance"
        },
        {
          "name": "beauty & skincare",
          "label": "beauty & skincare"
        },
        {
          "name": "toiletries",
          "label": "toiletries"
        },
        {
          "name": "gift",
          "label": "gift"
        }
      ],
      [
        {
          "name": "perfume",
          "label": "fragrance > perfume"
        },
        {
          "name": "premium beauty & skincare",
          "label": "beauty & skincare > premium beauty & skincare"
        },
        {
          "name": "skincare",
          "label": "beauty & skincare > skincare"
        },
        {
          "name": "skincare",
          "label": "toiletries > skincare"
        },
        {
          "name": "gifts for her",
          "label": "gift > gifts for her"
        }
      ],
      [
        {
          "name": "save up to 25% across selected premium beauty and No7",
          "label": "beauty & skincare > premium beauty & skincare > save up to 25% across selected premium beauty and No7"
        },
        {
          "name": "skin type",
          "label": "beauty & skincare > skincare > skin type"
        },
        {
          "name": "skincare ingredients",
          "label": "beauty & skincare > skincare > skincare ingredients"
        },
        {
          "name": "all perfumes",
          "label": "fragrance > perfume > all perfumes"
        },
        {
          "name": "floral perfume",
          "label": "fragrance > perfume > floral perfume"
        },
        {
          "name": "skin type",
          "label": "toiletries > skincare > skin type"
        },
        {
          "name": "skincare ingredients",
          "label": "toiletries > skincare > skincare ingredients"
        },
        {
          "name": "all perfumes",
          "label": "gift > gifts for her > all perfumes"
        }
      ]
    ],
    "reviews": {
      "average": 3.16,
      "count": 224,
      "rounded": 3
    },
    "parent": {
      "product": "1160267",
      "partNumber": "10119232.P",
      "model": "10119232",
      "manufacturerModel": "4864980"
    },
    "images": {
      "thumbnail": "https://boots.scene7.com/is/image/Boots/10119232?wid=45&hei=60&op_sharpen=1"
    },
    "offers": [
      {
        "text": "Spend £45 on selected Elizabeth Arden and receive Elizabeth Arden Icons Set for £75, worth £281"
      },
      {
        "text": "Save up to 25 percent across selected Premium Beauty"
      }
    ],
    "actions": {},
    "iconUri": "https://boots.scene7.com/is/image/Boots/10119232?op_sharpen=1",
    "title": "Elizabeth Arden Red Door Eau De Toilette 30ml",
    "referenceUri": "/elizabeth-arden-red-door-eau-de-toilette-30ml-10119232",
    "canAddToBasket": "yes",
    "opticians": false,
    "inStock": true,
    "expressDelivery": false,
    "hasOtherPromotion": true,
    "channelPromotionalTextMap": {
      "-1": [
        "Spend £45 on selected Elizabeth Arden and receive Elizabeth Arden Icons Set for £75, worth £281",
        "Save up to 25 percent across selected Premium Beauty"
      ],
      "-6": [
        "Spend £45 on selected Elizabeth Arden and receive Elizabeth Arden Icons Set for £75, worth £281",
        "Save up to 25 percent across selected Premium Beauty"
      ]
    },
    "adCardPoints": 66
  },
  {
    "_id": {
      "$oid": "65ec108d9884656b92f557cb"
    },
    "ppuQuantity": "50ML",
    "pricing": {
      "perUnit": "£139.40 per 100ML",
      "regular": {
        "value": 82,
        "currency": "GBP",
        "text": "£82.00"
      },
      "current": {
        "value": 69.7,
        "currency": "GBP",
        "text": "£69.70"
      },
      "saving": {
        "value": 12.3,
        "currency": "GBP",
        "text": "£12.30"
      }
    },
    "objectId": "2991",
    "brand": "Christian Dior",
    "attributes": {
      "fragrance_scent": [
        "sweet",
        "amber",
        "floral",
        "woody",
        "citrus",
        "aromatic",
        "fruity",
        "musk"
      ],
      "StockOverrideMessage": "STOCK_COMING_SOON",
      "Size": "50 ml",
      "parentCategory_UK": "33071",
      "fragrance_type": "eau de toilette",
      "hasPriceAdvantageDeal": false,
      "Reporting_Category": "fragrance",
      "ProductReviewFlag": "1"
    },
    "variants": {
      "colours": [],
      "hasColours": false,
      "hasSizes": false
    },
    "categories": [
      [
        {
          "name": "fragrance",
          "label": "fragrance"
        },
        {
          "name": "gift",
          "label": "gift"
        }
      ],
      [
        {
          "name": "perfume",
          "label": "fragrance > perfume"
        },
        {
          "name": "fragrance offers",
          "label": "fragrance > fragrance offers"
        },
        {
          "name": "gifts for her",
          "label": "gift > gifts for her"
        }
      ],
      [
        {
          "name": "all perfumes",
          "label": "fragrance > perfume > all perfumes"
        },
        {
          "name": "musky perfume",
          "label": "fragrance > perfume > musky perfume"
        },
        {
          "name": "floral perfume",
          "label": "fragrance > perfume > floral perfume"
        },
        {
          "name": "amber perfume",
          "label": "fragrance > perfume > amber perfume"
        },
        {
          "name": "save up to 20% on fragrance",
          "label": "fragrance > fragrance offers > save up to 20% on fragrance"
        },
        {
          "name": "Save 15% on 100s of fragrances",
          "label": "fragrance > fragrance offers > Save 15% on 100s of fragrances"
        },
        {
          "name": "all perfumes",
          "label": "gift > gifts for her > all perfumes"
        }
      ]
    ],
    "reviews": {
      "average": null,
      "count": null,
      "rounded": null
    },
    "parent": {
      "product": "2990",
      "partNumber": "10011451.P",
      "model": "10011451",
      "manufacturerModel": "3277488"
    },
    "images": {
      "thumbnail": "https://boots.scene7.com/is/image/Boots/10011451?wid=45&hei=60&op_sharpen=1"
    },
    "offers": [
      {
        "text": "Save up to 20 percent on selected fragrances"
      }
    ],
    "actions": {},
    "iconUri": "https://boots.scene7.com/is/image/Boots/10011451?op_sharpen=1",
    "title": "DIOR Poison Eau de Toilette 50ml",
    "referenceUri": "/dior-poison-eau-de-toilette-spray-50ml-10011451",
    "canAddToBasket": "yes",
    "opticians": false,
    "inStock": true,
    "expressDelivery": false,
    "hasOtherPromotion": true,
    "channelPromotionalTextMap": {
      "-1": [
        "Save up to 20 percent on selected fragrances"
      ],
      "-6": [
        "Save up to 20 percent on selected fragrances"
      ]
    },
    "adCardPoints": 207
  },
  {
    "_id": {
      "$oid": "65ec108d9884656b92f557cc"
    },
    "ppuQuantity": "75ML",
    "pricing": {
      "perUnit": "£107.09 per 100ML",
      "regular": {
        "value": 94.5,
        "currency": "GBP",
        "text": "£94.50"
      },
      "current": {
        "value": 80.32,
        "currency": "GBP",
        "text": "£80.32"
      },
      "saving": {
        "value": 14.18,
        "currency": "GBP",
        "text": "£14.18"
      }
    },
    "objectId": "2760653",
    "brand": "Givenchy",
    "attributes": {
      "fragrance_scent": [
        "aromatic",
        "citrus",
        "floral"
      ],
      "StockOverrideMessage": "SOLD_OUT",
      "gender": "womens",
      "fragrance_type": "eau de parfum",
      "hasPriceAdvantageDeal": false,
      "Reporting_Category": "fragrance",
      "ProductReviewFlag": "1"
    },
    "variants": {
      "colours": [],
      "hasColours": false,
      "hasSizes": false
    },
    "categories": [
      [
        {
          "name": "new in",
          "label": "new in"
        },
        {
          "name": "fragrance",
          "label": "fragrance"
        },
        {
          "name": "gift",
          "label": "gift"
        }
      ],
      [
        {
          "name": "new in fragrance",
          "label": "new in > new in fragrance"
        },
        {
          "name": "perfume",
          "label": "fragrance > perfume"
        },
        {
          "name": "gifts for her",
          "label": "gift > gifts for her"
        },
        {
          "name": "new in fragrance",
          "label": "fragrance > new in fragrance"
        }
      ],
      [
        {
          "name": "all perfumes",
          "label": "fragrance > perfume > all perfumes"
        },
        {
          "name": "all perfumes",
          "label": "gift > gifts for her > all perfumes"
        }
      ]
    ],
    "reviews": {
      "average": 4.79,
      "count": 38,
      "rounded": 4
    },
    "parent": {
      "product": "2760652",
      "partNumber": "10321283.P",
      "model": "10321283",
      "manufacturerModel": "8309663"
    },
    "images": {
      "thumbnail": "https://boots.scene7.com/is/image/Boots/10321283?wid=45&hei=60&op_sharpen=1"
    },
    "offers": [
      {
        "text": "Save up to 20 percent on selected fragrances"
      }
    ],
    "actions": {},
    "iconUri": "https://boots.scene7.com/is/image/Boots/10321283?op_sharpen=1",
    "title": "Givenchy Very Irresistible Eau de Parfum 75ml",
    "referenceUri": "/givenchy-very-irresistible-eau-de-parfum-75ml-10321283",
    "canAddToBasket": "yes",
    "opticians": false,
    "inStock": true,
    "expressDelivery": false,
    "hasOtherPromotion": true,
    "channelPromotionalTextMap": {
      "-1": [
        "Save up to 20 percent on selected fragrances"
      ],
      "-6": [
        "Save up to 20 percent on selected fragrances"
      ]
    },
    "adCardPoints": 240
  },
  {
    "_id": {
      "$oid": "65ec108d9884656b92f557cd"
    },
    "ppuQuantity": "100ML",
    "pricing": {
      "perUnit": "£116.45 per 100ML",
      "regular": {
        "value": 137,
        "currency": "GBP",
        "text": "£137.00"
      },
      "current": {
        "value": 116.45,
        "currency": "GBP",
        "text": "£116.45"
      },
      "saving": {
        "value": 20.55,
        "currency": "GBP",
        "text": "£20.55"
      }
    },
    "objectId": "12720",
    "brand": "Christian Dior",
    "attributes": {
      "fragrance_scent": [
        "floral",
        "citrus",
        "amber"
      ],
      "gender": "womens",
      "StockOverrideMessage": "SOLD_OUT",
      "size": "71-100",
      "parentCategory_UK": "33071",
      "fragrance_type": "eau de parfum",
      "hasPriceAdvantageDeal": false,
      "Reporting_Category": "fragrance",
      "ProductReviewFlag": "1"
    },
    "variants": {
      "colours": [],
      "hasColours": false,
      "hasSizes": false
    },
    "categories": [
      [
        {
          "name": "fragrance",
          "label": "fragrance"
        },
        {
          "name": "gift",
          "label": "gift"
        }
      ],
      [
        {
          "name": "perfume",
          "label": "fragrance > perfume"
        },
        {
          "name": "fragrance offers",
          "label": "fragrance > fragrance offers"
        },
        {
          "name": "gifts for her",
          "label": "gift > gifts for her"
        }
      ],
      [
        {
          "name": "all perfumes",
          "label": "fragrance > perfume > all perfumes"
        },
        {
          "name": "floral perfume",
          "label": "fragrance > perfume > floral perfume"
        },
        {
          "name": "amber perfume",
          "label": "fragrance > perfume > amber perfume"
        },
        {
          "name": "Save 15% on 100s of fragrances",
          "label": "fragrance > fragrance offers > Save 15% on 100s of fragrances"
        },
        {
          "name": "all perfumes",
          "label": "gift > gifts for her > all perfumes"
        }
      ]
    ],
    "reviews": {
      "average": 4.74,
      "count": 140,
      "rounded": 4
    },
    "parent": {
      "product": "12719",
      "partNumber": "10035256.P",
      "model": "10035256",
      "manufacturerModel": "4128095"
    },
    "images": {
      "thumbnail": "https://boots.scene7.com/is/image/Boots/10035256?wid=45&hei=60&op_sharpen=1"
    },
    "offers": [
      {
        "text": "Save up to 20 percent on selected fragrances"
      }
    ],
    "actions": {},
    "iconUri": "https://boots.scene7.com/is/image/Boots/10035256?op_sharpen=1",
    "title": "DIOR ADDICT Eau de Parfum Spray 100ml",
    "referenceUri": "/dior-addict-eau-de-parfum-spray-100ml-10035256",
    "canAddToBasket": "yes",
    "opticians": false,
    "inStock": true,
    "expressDelivery": false,
    "hasOtherPromotion": true,
    "channelPromotionalTextMap": {
      "-1": [
        "Save up to 20 percent on selected fragrances"
      ],
      "-6": [
        "Save up to 20 percent on selected fragrances"
      ]
    },
    "adCardPoints": 348
  },
  {
    "_id": {
      "$oid": "65ec108d9884656b92f557ce"
    },
    "ppuQuantity": "30ML",
    "pricing": {
      "perUnit": "£189.83 per 100ML",
      "regular": {
        "value": 67,
        "currency": "GBP",
        "text": "£67.00"
      },
      "current": {
        "value": 56.95,
        "currency": "GBP",
        "text": "£56.95"
      },
      "saving": {
        "value": 10.05,
        "currency": "GBP",
        "text": "£10.05"
      }
    },
    "objectId": "2431621",
    "brand": "Valentino",
    "attributes": {
      "fragrance_scent": [
        "woody",
        "floral"
      ],
      "size": "21-30",
      "gender": "womens",
      "StockOverrideMessage": "STOCK_COMING_SOON",
      "fragrance_type": "eau de parfum",
      "format": "spray",
      "hasPriceAdvantageDeal": false,
      "Reporting_Category": "fragrance",
      "ProductReviewFlag": "1"
    },
    "variants": {
      "colours": [],
      "hasColours": false,
      "hasSizes": false
    },
    "categories": [
      [
        {
          "name": "fragrance",
          "label": "fragrance"
        },
        {
          "name": "gift",
          "label": "gift"
        }
      ],
      [
        {
          "name": "5* rated perfumes & aftershaves",
          "label": "fragrance > 5* rated perfumes & aftershaves"
        },
        {
          "name": "perfume",
          "label": "fragrance > perfume"
        },
        {
          "name": "gifts for her",
          "label": "gift > gifts for her"
        }
      ],
      [
        {
          "name": "all perfumes",
          "label": "fragrance > perfume > all perfumes"
        },
        {
          "name": "floral perfume",
          "label": "fragrance > perfume > floral perfume"
        },
        {
          "name": "all perfumes",
          "label": "gift > gifts for her > all perfumes"
        }
      ]
    ],
    "reviews": {
      "average": 4.72,
      "count": 11621,
      "rounded": 4
    },
    "parent": {
      "product": "2431620",
      "partNumber": "10285676.P",
      "model": "10285676",
      "manufacturerModel": "8962197"
    },
    "images": {
      "thumbnail": "https://boots.scene7.com/is/image/Boots/10285676?wid=45&hei=60&op_sharpen=1"
    },
    "offers": [
      {
        "text": "Save up to 20 percent on selected fragrances"
      }
    ],
    "actions": {},
    "iconUri": "https://boots.scene7.com/is/image/Boots/10285676?op_sharpen=1",
    "title": "Valentino Voce Viva Eau De Parfum For Women 30ml",
    "referenceUri": "/valentino-voce-viva-eau-de-parfum-for-women-30ml-10285676",
    "canAddToBasket": "yes",
    "opticians": false,
    "inStock": true,
    "expressDelivery": false,
    "hasOtherPromotion": true,
    "channelPromotionalTextMap": {
      "-1": [
        "Save up to 20 percent on selected fragrances"
      ],
      "-6": [
        "Save up to 20 percent on selected fragrances"
      ]
    },
    "adCardPoints": 168
  },
  {
    "_id": {
      "$oid": "65ec108d9884656b92f557cf"
    },
    "ppuQuantity": "50ML",
    "pricing": {
      "perUnit": "£152.00 per 100ML",
      "regular": {
        "value": 95,
        "currency": "GBP",
        "text": "£95.00"
      },
      "current": {
        "value": 76,
        "currency": "GBP",
        "text": "£76.00"
      },
      "saving": {
        "value": 19,
        "currency": "GBP",
        "text": "£19.00"
      }
    },
    "objectId": "2849625",
    "brand": "Burberry",
    "attributes": {
      "fragrance_scent": [
        "amber",
        "vanilla",
        "aromatic"
      ],
      "product_type": "perfume",
      "size": "41-50",
      "StockOverrideMessage": "STOCK_COMING_SOON",
      "gender": "womens",
      "fragrance_type": "eau de parfum",
      "format": "spray",
      "hasPriceAdvantageDeal": false,
      "ProductReviewFlag": "1"
    },
    "variants": {
      "colours": [],
      "hasColours": false,
      "hasSizes": false
    },
    "categories": [
      [
        {
          "name": "fragrance",
          "label": "fragrance"
        },
        {
          "name": "gift",
          "label": "gift"
        },
        {
          "name": "new in",
          "label": "new in"
        }
      ],
      [
        {
          "name": "perfume",
          "label": "fragrance > perfume"
        },
        {
          "name": "gifts for her",
          "label": "gift > gifts for her"
        },
        {
          "name": "luxury fragrance",
          "label": "fragrance > luxury fragrance"
        },
        {
          "name": "new in fragrance",
          "label": "fragrance > new in fragrance"
        },
        {
          "name": "new in fragrance",
          "label": "new in > new in fragrance"
        }
      ],
      [
        {
          "name": "all perfumes",
          "label": "fragrance > perfume > all perfumes"
        },
        {
          "name": "vanilla perfume",
          "label": "fragrance > perfume > vanilla perfume"
        },
        {
          "name": "amber perfume",
          "label": "fragrance > perfume > amber perfume"
        },
        {
          "name": "all perfumes",
          "label": "gift > gifts for her > all perfumes"
        }
      ]
    ],
    "reviews": {
      "average": 4.71,
      "count": 1068,
      "rounded": 4
    },
    "parent": {
      "product": "2849624",
      "partNumber": "10330194.P",
      "model": "10330194",
      "manufacturerModel": "5709512"
    },
    "images": {
      "thumbnail": "https://boots.scene7.com/is/image/Boots/10330194?wid=45&hei=60&op_sharpen=1"
    },
    "offers": [
      {
        "text": "Free gift when you buy selected Burberry - whilst stocks last"
      },
      {
        "text": "Save up to 20 percent on selected fragrances"
      }
    ],
    "actions": {},
    "iconUri": "https://boots.scene7.com/is/image/Boots/10330194?op_sharpen=1",
    "title": "Burberry Goddess for Women Eau de Parfum 50ml",
    "referenceUri": "/Burberry-Goddess-for-Women-Eau-de-Parfum-50ml-10330194",
    "canAddToBasket": "yes",
    "opticians": false,
    "inStock": true,
    "expressDelivery": false,
    "hasOtherPromotion": true,
    "channelPromotionalTextMap": {
      "-1": [
        "Free gift when you buy selected Burberry - whilst stocks last",
        "Save up to 20 percent on selected fragrances"
      ],
      "-6": [
        "Free gift when you buy selected Burberry - whilst stocks last",
        "Save up to 20 percent on selected fragrances"
      ]
    },
    "adCardPoints": 228
  },
  {
    "_id": {
      "$oid": "65ec108d9884656b92f557d0"
    },
    "ppuQuantity": "25ML",
    "pricing": {
      "perUnit": "£227.80 per 100ML",
      "regular": {
        "value": 67,
        "currency": "GBP",
        "text": "£67.00"
      },
      "current": {
        "value": 56.95,
        "currency": "GBP",
        "text": "£56.95"
      },
      "saving": {
        "value": 10.05,
        "currency": "GBP",
        "text": "£10.05"
      }
    },
    "objectId": "2501452",
    "brand": "Mugler",
    "attributes": {
      "fragrance_scent": [
        "fruity",
        "vanilla",
        "amber"
      ],
      "gender": "womens",
      "size": "21-30",
      "StockOverrideMessage": "STOCK_COMING_SOON",
      "fragrance_type": "eau de parfum",
      "recipient": "gifts for women",
      "hasPriceAdvantageDeal": false,
      "Reporting_Category": "fragrance",
      "gift_type": "fragrance gifts",
      "ProductReviewFlag": "1"
    },
    "variants": {
      "colours": [],
      "hasColours": false,
      "hasSizes": false
    },
    "categories": [
      [
        {
          "name": "fragrance",
          "label": "fragrance"
        },
        {
          "name": "gift",
          "label": "gift"
        },
        {
          "name": "wellness",
          "label": "wellness"
        }
      ],
      [
        {
          "name": "perfume",
          "label": "fragrance > perfume"
        },
        {
          "name": "gifts for her",
          "label": "gift > gifts for her"
        },
        {
          "name": "sustainability at Boots",
          "label": "wellness > sustainability at Boots"
        }
      ],
      [
        {
          "name": "all perfumes",
          "label": "fragrance > perfume > all perfumes"
        },
        {
          "name": "vanilla perfume",
          "label": "fragrance > perfume > vanilla perfume"
        },
        {
          "name": "amber perfume",
          "label": "fragrance > perfume > amber perfume"
        },
        {
          "name": "perfume refill bottles",
          "label": "fragrance > perfume > perfume refill bottles"
        },
        {
          "name": "all perfumes",
          "label": "gift > gifts for her > all perfumes"
        },
        {
          "name": "reuse ready",
          "label": "wellness > sustainability at Boots > reuse ready"
        }
      ]
    ],
    "reviews": {
      "average": 4.7,
      "count": 1167,
      "rounded": 4
    },
    "parent": {
      "product": "2501451",
      "partNumber": "10292098.P",
      "model": "10292098",
      "manufacturerModel": "2781530"
    },
    "images": {
      "thumbnail": "https://boots.scene7.com/is/image/Boots/10292098?wid=45&hei=60&op_sharpen=1"
    },
    "offers": [
      {
        "text": "Save up to 20 percent on selected fragrances"
      }
    ],
    "actions": {},
    "iconUri": "https://boots.scene7.com/is/image/Boots/10292098?op_sharpen=1",
    "title": "MUGLER Angel Refillable Eau de Parfum 25ml",
    "referenceUri": "/mugler-angel-eau-de-parfum-25ml-10292098",
    "canAddToBasket": "yes",
    "opticians": false,
    "inStock": true,
    "expressDelivery": false,
    "hasOtherPromotion": true,
    "channelPromotionalTextMap": {
      "-1": [
        "Save up to 20 percent on selected fragrances"
      ],
      "-6": [
        "Save up to 20 percent on selected fragrances"
      ]
    },
    "adCardPoints": 168
  },
  {
    "_id": {
      "$oid": "65ec108d9884656b92f557d1"
    },
    "ppuQuantity": "30ML",
    "pricing": {
      "perUnit": "£125.33 per 100ML",
      "regular": {
        "value": 47,
        "currency": "GBP",
        "text": "£47.00"
      },
      "current": {
        "value": 37.6,
        "currency": "GBP",
        "text": "£37.60"
      },
      "saving": {
        "value": 9.4,
        "currency": "GBP",
        "text": "£9.40"
      }
    },
    "objectId": "1880701",
    "brand": "Michael Kors",
    "attributes": {
      "fragrance_scent": [
        "amber",
        "fruity",
        "floral"
      ],
      "gender": "womens",
      "StockOverrideMessage": "SOLD_OUT",
      "size": "21-30",
      "parentCategory_UK": "33071",
      "fragrance_type": "eau de parfum",
      "hasPriceAdvantageDeal": false,
      "Reporting_Category": "fragrance",
      "ProductReviewFlag": "1"
    },
    "variants": {
      "colours": [],
      "hasColours": false,
      "hasSizes": false
    },
    "categories": [
      [
        {
          "name": "fragrance",
          "label": "fragrance"
        },
        {
          "name": "gift",
          "label": "gift"
        }
      ],
      [
        {
          "name": "5* rated perfumes & aftershaves",
          "label": "fragrance > 5* rated perfumes & aftershaves"
        },
        {
          "name": "perfume",
          "label": "fragrance > perfume"
        },
        {
          "name": "gifts for her",
          "label": "gift > gifts for her"
        }
      ],
      [
        {
          "name": "all perfumes",
          "label": "fragrance > perfume > all perfumes"
        },
        {
          "name": "floral perfume",
          "label": "fragrance > perfume > floral perfume"
        },
        {
          "name": "amber perfume",
          "label": "fragrance > perfume > amber perfume"
        },
        {
          "name": "all perfumes",
          "label": "gift > gifts for her > all perfumes"
        }
      ]
    ],
    "reviews": {
      "average": 4.63,
      "count": 64,
      "rounded": 4
    },
    "parent": {
      "product": "1880700",
      "partNumber": "10220409.P",
      "model": "10220409",
      "manufacturerModel": "6744281"
    },
    "images": {
      "thumbnail": "https://boots.scene7.com/is/image/Boots/10220409?wid=45&hei=60&op_sharpen=1"
    },
    "offers": [
      {
        "text": "Save up to 20 percent on selected fragrances"
      }
    ],
    "actions": {},
    "iconUri": "https://boots.scene7.com/is/image/Boots/10220409?op_sharpen=1",
    "title": "Michael Kors Wonderlust Eau de Parfum 30ml",
    "referenceUri": "/michael-kors-wonderlust-eau-de-parfum-30ml-10220409",
    "canAddToBasket": "yes",
    "opticians": false,
    "inStock": true,
    "expressDelivery": false,
    "hasOtherPromotion": true,
    "channelPromotionalTextMap": {
      "-1": [
        "Save up to 20 percent on selected fragrances"
      ],
      "-6": [
        "Save up to 20 percent on selected fragrances"
      ]
    },
    "adCardPoints": 111
  },
  {
    "_id": {
      "$oid": "65ec108d9884656b92f557d2"
    },
    "ppuQuantity": "50ML",
    "pricing": {
      "perUnit": "£92.00 per 100ML",
      "regular": {
        "value": 69,
        "currency": "GBP",
        "text": "£69.00"
      },
      "current": {
        "value": 46,
        "currency": "GBP",
        "text": "£46.00"
      },
      "saving": {
        "value": 23,
        "currency": "GBP",
        "text": "£23.00"
      }
    },
    "objectId": "1501134",
    "brand": "Hugo Boss",
    "attributes": {
      "fragrance_scent": [
        "fruity",
        "floral"
      ],
      "gender": "womens",
      "StockOverrideMessage": "STOCK_COMING_SOON",
      "size": "41-50",
      "parentCategory_UK": "33071",
      "fragrance_type": "eau de parfum",
      "recipient": "gifts for women",
      "hasPriceAdvantageDeal": false,
      "Reporting_Category": "fragrance",
      "gift_type": "fragrance gifts",
      "ProductReviewFlag": "1"
    },
    "variants": {
      "colours": [],
      "hasColours": false,
      "hasSizes": false
    },
    "categories": [
      [
        {
          "name": "gift",
          "label": "gift"
        },
        {
          "name": "fragrance",
          "label": "fragrance"
        }
      ],
      [
        {
          "name": "all gifts",
          "label": "gift > all gifts"
        },
        {
          "name": "perfume",
          "label": "fragrance > perfume"
        },
        {
          "name": "fragrance offers",
          "label": "fragrance > fragrance offers"
        },
        {
          "name": "gifts for her",
          "label": "gift > gifts for her"
        },
        {
          "name": "5* rated perfumes & aftershaves",
          "label": "fragrance > 5* rated perfumes & aftershaves"
        }
      ],
      [
        {
          "name": "all perfumes",
          "label": "fragrance > perfume > all perfumes"
        },
        {
          "name": "floral perfume",
          "label": "fragrance > perfume > floral perfume"
        },
        {
          "name": "save up to half price",
          "label": "fragrance > fragrance offers > save up to half price"
        },
        {
          "name": "Save 15% on 100s of fragrances",
          "label": "fragrance > fragrance offers > Save 15% on 100s of fragrances"
        },
        {
          "name": "all perfumes",
          "label": "gift > gifts for her > all perfumes"
        }
      ]
    ],
    "reviews": {
      "average": 4.63,
      "count": 199,
      "rounded": 4
    },
    "parent": {
      "product": "1501133",
      "partNumber": "10179078.P",
      "model": "10179078",
      "manufacturerModel": "3719987"
    },
    "images": {
      "thumbnail": "https://boots.scene7.com/is/image/Boots/10179078?wid=45&hei=60&op_sharpen=1"
    },
    "offers": [
      {
        "text": "Save up to 1/2 price on selected fragrances"
      }
    ],
    "actions": {},
    "iconUri": "https://boots.scene7.com/is/image/Boots/10179078?op_sharpen=1",
    "title": "BOSS Ma Vie for Her Eau de Parfum 50ml",
    "referenceUri": "/boss-ma-vie-eau-de-parfum-50ml-10179078",
    "canAddToBasket": "yes",
    "opticians": false,
    "inStock": true,
    "expressDelivery": false,
    "hasOtherPromotion": true,
    "channelPromotionalTextMap": {
      "-1": [
        "Save up to 1/2 price on selected fragrances"
      ],
      "-6": [
        "Save up to 1/2 price on selected fragrances"
      ]
    },
    "adCardPoints": 138
  },
  {
    "_id": {
      "$oid": "65ec108d9884656b92f557d3"
    },
    "ppuQuantity": "30ML",
    "pricing": {
      "perUnit": "£116.67 per 100ML",
      "regular": {
        "value": 52,
        "currency": "GBP",
        "text": "£52.00"
      },
      "current": {
        "value": 35,
        "currency": "GBP",
        "text": "£35.00"
      },
      "saving": {
        "value": 17,
        "currency": "GBP",
        "text": "£17.00"
      }
    },
    "objectId": "3027",
    "brand": "Givenchy",
    "attributes": {
      "fragrance_scent": [
        "sweet",
        "woody",
        "fruity",
        "floral",
        "musk"
      ],
      "StockOverrideMessage": "STOCK_COMING_SOON",
      "Size": [
        "30ml",
        "30 ml"
      ],
      "parentCategory_UK": "33071",
      "fragrance_type": "eau de toilette",
      "hasPriceAdvantageDeal": false,
      "Reporting_Category": "fragrance",
      "ProductReviewFlag": "1"
    },
    "variants": {
      "colours": [],
      "hasColours": false,
      "hasSizes": false
    },
    "categories": [
      [
        {
          "name": "fragrance",
          "label": "fragrance"
        },
        {
          "name": "gift",
          "label": "gift"
        }
      ],
      [
        {
          "name": "5* rated perfumes & aftershaves",
          "label": "fragrance > 5* rated perfumes & aftershaves"
        },
        {
          "name": "perfume",
          "label": "fragrance > perfume"
        },
        {
          "name": "fragrance offers",
          "label": "fragrance > fragrance offers"
        },
        {
          "name": "gifts for her",
          "label": "gift > gifts for her"
        }
      ],
      [
        {
          "name": "all perfumes",
          "label": "fragrance > perfume > all perfumes"
        },
        {
          "name": "musky perfume",
          "label": "fragrance > perfume > musky perfume"
        },
        {
          "name": "floral perfume",
          "label": "fragrance > perfume > floral perfume"
        },
        {
          "name": "everyday low prices",
          "label": "fragrance > fragrance offers > everyday low prices"
        },
        {
          "name": "all perfumes",
          "label": "gift > gifts for her > all perfumes"
        }
      ]
    ],
    "reviews": {
      "average": 4.6,
      "count": 146,
      "rounded": 4
    },
    "parent": {
      "product": "3026",
      "partNumber": "10011504.P",
      "model": "10011504",
      "manufacturerModel": "1809164"
    },
    "images": {
      "thumbnail": "https://boots.scene7.com/is/image/Boots/10011504?wid=45&hei=60&op_sharpen=1"
    },
    "offers": [
      {
        "text": "Save up to 1/2 price on selected fragrances"
      }
    ],
    "actions": {},
    "iconUri": "https://boots.scene7.com/is/image/Boots/10011504?op_sharpen=1",
    "title": "Givenchy Amarige Eau de Toilette 30ml",
    "referenceUri": "/givenchy-amarige-eau-de-toilette-spray-30ml-10011504",
    "canAddToBasket": "yes",
    "opticians": false,
    "inStock": true,
    "expressDelivery": false,
    "hasOtherPromotion": true,
    "channelPromotionalTextMap": {
      "-1": [
        "Save up to 1/2 price on selected fragrances"
      ],
      "-6": [
        "Save up to 1/2 price on selected fragrances"
      ]
    },
    "adCardPoints": 105
  },
  {
    "_id": {
      "$oid": "65ec108d9884656b92f557d4"
    },
    "ppuQuantity": "50ML",
    "pricing": {
      "perUnit": "£142.62 per 100ML",
      "regular": {
        "value": 83.9,
        "currency": "GBP",
        "text": "£83.90"
      },
      "current": {
        "value": 71.31,
        "currency": "GBP",
        "text": "£71.31"
      },
      "saving": {
        "value": 12.59,
        "currency": "GBP",
        "text": "£12.59"
      }
    },
    "objectId": "2288508",
    "brand": "Jean Paul Gaultier",
    "attributes": {
      "fragrance_scent": [
        "vanilla",
        "amber"
      ],
      "StockOverrideMessage": "STOCK_COMING_SOON",
      "gender": "womens",
      "size": "41-50",
      "fragrance_type": "eau de parfum",
      "hasPriceAdvantageDeal": false,
      "Reporting_Category": "fragrance",
      "ProductReviewFlag": "1"
    },
    "variants": {
      "colours": [],
      "hasColours": false,
      "hasSizes": false
    },
    "categories": [
      [
        {
          "name": "vegan",
          "label": "vegan"
        },
        {
          "name": "fragrance",
          "label": "fragrance"
        },
        {
          "name": "gift",
          "label": "gift"
        },
        {
          "name": "wellness",
          "label": "wellness"
        }
      ],
      [
        {
          "name": "vegan fragrance",
          "label": "vegan > vegan fragrance"
        },
        {
          "name": "perfume",
          "label": "fragrance > perfume"
        },
        {
          "name": "gifts for her",
          "label": "gift > gifts for her"
        },
        {
          "name": "vegan",
          "label": "wellness > vegan"
        },
        {
          "name": "vegan fragrance",
          "label": "fragrance > vegan fragrance"
        },
        {
          "name": "all vegan products",
          "label": "wellness > all vegan products"
        },
        {
          "name": "all vegan products",
          "label": "vegan > all vegan products"
        }
      ],
      [
        {
          "name": "all perfumes",
          "label": "fragrance > perfume > all perfumes"
        },
        {
          "name": "vanilla perfume",
          "label": "fragrance > perfume > vanilla perfume"
        },
        {
          "name": "amber perfume",
          "label": "fragrance > perfume > amber perfume"
        },
        {
          "name": "all perfumes",
          "label": "gift > gifts for her > all perfumes"
        },
        {
          "name": "all vegan products",
          "label": "wellness > vegan > all vegan products"
        },
        {
          "name": "vegan fragrance",
          "label": "wellness > vegan > vegan fragrance"
        }
      ]
    ],
    "reviews": {
      "average": 4.52,
      "count": 531,
      "rounded": 4
    },
    "parent": {
      "product": "2288507",
      "partNumber": "10266213.P",
      "model": "10266213",
      "manufacturerModel": "8584168"
    },
    "images": {
      "thumbnail": "https://boots.scene7.com/is/image/Boots/10266213?wid=45&hei=60&op_sharpen=1"
    },
    "offers": [
      {
        "text": "Save up to 20 percent on selected fragrances"
      }
    ],
    "actions": {},
    "iconUri": "https://boots.scene7.com/is/image/Boots/10266213?op_sharpen=1",
    "title": "Jean Paul Gaultier La Belle Eau de Parfum 50ml",
    "referenceUri": "/jean-paul-gaultier-la-belle-eau-de-parfum-50ml-10266213",
    "canAddToBasket": "yes",
    "opticians": false,
    "inStock": true,
    "expressDelivery": false,
    "hasOtherPromotion": true,
    "channelPromotionalTextMap": {
      "-1": [
        "Save up to 20 percent on selected fragrances"
      ],
      "-6": [
        "Save up to 20 percent on selected fragrances"
      ]
    },
    "adCardPoints": 213
  },
  {
    "_id": {
      "$oid": "65ec108d9884656b92f557d5"
    },
    "ppuQuantity": "50ML",
    "pricing": {
      "perUnit": "£105.40 per 100ML",
      "regular": {
        "value": 62,
        "currency": "GBP",
        "text": "£62.00"
      },
      "current": {
        "value": 52.7,
        "currency": "GBP",
        "text": "£52.70"
      },
      "saving": {
        "value": 9.3,
        "currency": "GBP",
        "text": "£9.30"
      }
    },
    "objectId": "2121443",
    "brand": "Liz Earle",
    "attributes": {
      "fragrance_scent": [
        "vanilla",
        "citrus",
        "aquatic",
        "woody",
        "fruity",
        "floral"
      ],
      "size": "41-50",
      "StockOverrideMessage": "STOCK_COMING_SOON",
      "fragrance_type": "eau de parfum",
      "format": "spray",
      "hasPriceAdvantageDeal": false,
      "Reporting_Category": "fragrance",
      "body_area": "body",
      "key_features": "cruelty-free",
      "ProductReviewFlag": "1"
    },
    "variants": {
      "colours": [],
      "hasColours": false,
      "hasSizes": false
    },
    "categories": [
      [
        {
          "name": "fragrance",
          "label": "fragrance"
        },
        {
          "name": "beauty & skincare",
          "label": "beauty & skincare"
        },
        {
          "name": "gift",
          "label": "gift"
        }
      ],
      [
        {
          "name": "5* rated perfumes & aftershaves",
          "label": "fragrance > 5* rated perfumes & aftershaves"
        },
        {
          "name": "premium beauty & skincare",
          "label": "beauty & skincare > premium beauty & skincare"
        },
        {
          "name": "perfume",
          "label": "fragrance > perfume"
        },
        {
          "name": "gifts for her",
          "label": "gift > gifts for her"
        }
      ],
      [
        {
          "name": "premium skincare",
          "label": "beauty & skincare > premium beauty & skincare > premium skincare"
        },
        {
          "name": "all perfumes",
          "label": "fragrance > perfume > all perfumes"
        },
        {
          "name": "vanilla perfume",
          "label": "fragrance > perfume > vanilla perfume"
        },
        {
          "name": "floral perfume",
          "label": "fragrance > perfume > floral perfume"
        },
        {
          "name": "all perfumes",
          "label": "gift > gifts for her > all perfumes"
        }
      ]
    ],
    "reviews": {
      "average": 4.52,
      "count": 23,
      "rounded": 4
    },
    "parent": {
      "product": "2121442",
      "partNumber": "10246916.P",
      "model": "10246916",
      "manufacturerModel": "8011788"
    },
    "images": {
      "thumbnail": "https://boots.scene7.com/is/image/Boots/10246916?wid=45&hei=60&op_sharpen=1"
    },
    "offers": [
      {
        "text": "Use code LIZEARLE10 to save £10 when you spend £30 on selected Liz Earle - online only"
      },
      {
        "text": "Save up to 25 percent across selected Premium Beauty"
      }
    ],
    "actions": {},
    "iconUri": "https://boots.scene7.com/is/image/Boots/10246916?op_sharpen=1",
    "title": "Liz Earle Botanical Essence™ No.20 Eau de Parfum 50ml",
    "referenceUri": "/liz-earle-botanical-essence-no-20-eau-de-parfum-10246916",
    "canAddToBasket": "yes",
    "opticians": false,
    "inStock": true,
    "expressDelivery": false,
    "hasOtherPromotion": true,
    "channelPromotionalTextMap": {
      "-1": [
        "Use code LIZEARLE10 to save £10 when you spend £30 on selected Liz Earle - online only",
        "Save up to 25 percent across selected Premium Beauty"
      ],
      "-6": [
        "Use code LIZEARLE10 to save £10 when you spend £30 on selected Liz Earle - online only",
        "Save up to 25 percent across selected Premium Beauty"
      ]
    },
    "adCardPoints": 156
  },
  {
    "_id": {
      "$oid": "65ec108d9884656b92f557d6"
    },
    "ppuQuantity": null,
    "pricing": {
      "perUnit": "",
      "regular": {
        "value": 58,
        "currency": "GBP",
        "text": "£58.00"
      },
      "current": {
        "value": 49.3,
        "currency": "GBP",
        "text": "£49.30"
      },
      "saving": {
        "value": 8.7,
        "currency": "GBP",
        "text": "£8.70"
      }
    },
    "objectId": "2925124",
    "brand": "Clinique",
    "attributes": {
      "fragrance_scent": "floral",
      "product_type": "body wash",
      "StockOverrideMessage": "STOCK_COMING_SOON",
      "hasPriceAdvantageDeal": false,
      "gift_type": "fragrance gift sets",
      "skin_type": "all skin types",
      "ProductReviewFlag": "1"
    },
    "variants": {
      "colours": [],
      "hasColours": false,
      "hasSizes": false
    },
    "categories": [
      [
        {
          "name": "new in",
          "label": "new in"
        },
        {
          "name": "beauty & skincare",
          "label": "beauty & skincare"
        },
        {
          "name": "fragrance",
          "label": "fragrance"
        },
        {
          "name": "toiletries",
          "label": "toiletries"
        },
        {
          "name": "gift",
          "label": "gift"
        }
      ],
      [
        {
          "name": "new in luxury bath & body",
          "label": "new in > new in luxury bath & body"
        },
        {
          "name": "premium beauty & skincare",
          "label": "beauty & skincare > premium beauty & skincare"
        },
        {
          "name": "perfume",
          "label": "fragrance > perfume"
        },
        {
          "name": "fragrance gift sets",
          "label": "fragrance > fragrance gift sets"
        },
        {
          "name": "luxury bath & body",
          "label": "toiletries > luxury bath & body"
        },
        {
          "name": "gifts for her",
          "label": "gift > gifts for her"
        },
        {
          "name": "new in beauty & skincare",
          "label": "beauty & skincare > new in beauty & skincare"
        },
        {
          "name": "new in fragrance",
          "label": "fragrance > new in fragrance"
        },
        {
          "name": "brands",
          "label": "fragrance > brands"
        },
        {
          "name": "new in beauty & skincare",
          "label": "new in > new in beauty & skincare"
        },
        {
          "name": "new in fragrance",
          "label": "new in > new in fragrance"
        }
      ],
      [
        {
          "name": "premium beauty gifts",
          "label": "beauty & skincare > premium beauty & skincare > premium beauty gifts"
        },
        {
          "name": "perfume gift sets",
          "label": "fragrance > perfume > perfume gift sets"
        },
        {
          "name": "all perfumes",
          "label": "fragrance > perfume > all perfumes"
        },
        {
          "name": "floral perfume",
          "label": "fragrance > perfume > floral perfume"
        },
        {
          "name": "perfume gift sets",
          "label": "fragrance > fragrance gift sets > perfume gift sets"
        },
        {
          "name": "new in luxury bath & body",
          "label": "toiletries > luxury bath & body > new in luxury bath & body"
        },
        {
          "name": "premium beauty gifts",
          "label": "gift > gifts for her > premium beauty gifts"
        },
        {
          "name": "all perfumes",
          "label": "gift > gifts for her > all perfumes"
        }
      ]
    ],
    "reviews": {
      "average": null,
      "count": null,
      "rounded": null
    },
    "parent": {
      "product": "2925123",
      "partNumber": "10339227.P",
      "model": "10339227",
      "manufacturerModel": "2077116"
    },
    "images": {
      "thumbnail": "https://boots.scene7.com/is/image/Boots/10339227?wid=45&hei=60&op_sharpen=1"
    },
    "offers": [
      {
        "text": "Free gift when you spend £65 or more on selected Clinique - online only while stocks last"
      },
      {
        "text": "Save up to 25 percent across selected Premium Beauty"
      }
    ],
    "actions": {},
    "iconUri": "https://boots.scene7.com/is/image/Boots/10339227?op_sharpen=1",
    "title": "Clinique Aromatics Elixir Essentials Fragrance Gift Set",
    "referenceUri": "/clinique-aromatics-elixir-essentials-fragrance-gift-set-10339227",
    "canAddToBasket": "yes",
    "opticians": false,
    "inStock": true,
    "expressDelivery": false,
    "hasOtherPromotion": true,
    "channelPromotionalTextMap": {
      "-1": [
        "Free gift when you spend £65 or more on selected Clinique - online only while stocks last",
        "Save up to 25 percent across selected Premium Beauty"
      ],
      "-6": [
        "Free gift when you spend £65 or more on selected Clinique - online only while stocks last",
        "Save up to 25 percent across selected Premium Beauty"
      ]
    },
    "adCardPoints": 147
  },
  {
    "_id": {
      "$oid": "65ec108d9884656b92f557d7"
    },
    "ppuQuantity": "30ML",
    "pricing": {
      "perUnit": "£206.83 per 100ML",
      "regular": {
        "value": 73,
        "currency": "GBP",
        "text": "£73.00"
      },
      "current": {
        "value": 62.05,
        "currency": "GBP",
        "text": "£62.05"
      },
      "saving": {
        "value": 10.95,
        "currency": "GBP",
        "text": "£10.95"
      }
    },
    "objectId": "2871611",
    "brand": "Giorgio Armani",
    "attributes": {
      "fragrance_scent": [
        "chypre",
        "fruity"
      ],
      "product_type": "body spray",
      "size": "21-30",
      "gender": "womens",
      "StockOverrideMessage": "STOCK_COMING_SOON",
      "format": "spray",
      "fragrance_type": "eau de parfum",
      "hasPriceAdvantageDeal": false,
      "ProductReviewFlag": "1"
    },
    "variants": {
      "colours": [],
      "hasColours": false,
      "hasSizes": false
    },
    "categories": [
      [
        {
          "name": "fragrance",
          "label": "fragrance"
        },
        {
          "name": "gift",
          "label": "gift"
        },
        {
          "name": "new in",
          "label": "new in"
        }
      ],
      [
        {
          "name": "perfume",
          "label": "fragrance > perfume"
        },
        {
          "name": "gifts for her",
          "label": "gift > gifts for her"
        },
        {
          "name": "luxury fragrance",
          "label": "fragrance > luxury fragrance"
        },
        {
          "name": "new in fragrance",
          "label": "fragrance > new in fragrance"
        },
        {
          "name": "brands",
          "label": "fragrance > brands"
        },
        {
          "name": "new in fragrance",
          "label": "new in > new in fragrance"
        }
      ],
      [
        {
          "name": "all perfumes",
          "label": "fragrance > perfume > all perfumes"
        },
        {
          "name": "all perfumes",
          "label": "gift > gifts for her > all perfumes"
        }
      ]
    ],
    "reviews": {
      "average": 4.79,
      "count": 161,
      "rounded": 4
    },
    "parent": {
      "product": "2871610",
      "partNumber": "10333295.P",
      "model": "10333295",
      "manufacturerModel": "5767067"
    },
    "images": {
      "thumbnail": "https://boots.scene7.com/is/image/Boots/10333295?wid=45&hei=60&op_sharpen=1"
    },
    "offers": [
      {
        "text": "Save up to 20 percent on selected fragrances"
      }
    ],
    "actions": {},
    "iconUri": "https://boots.scene7.com/is/image/Boots/10333295?op_sharpen=1",
    "title": "Giorgio Armani Sì Eau de Parfum Intense 30ml",
    "referenceUri": "/giorgio-armani-si-eau-de-parfum-intense-30ml-10333295",
    "canAddToBasket": "yes",
    "opticians": false,
    "inStock": true,
    "expressDelivery": false,
    "hasOtherPromotion": true,
    "channelPromotionalTextMap": {
      "-1": [
        "Save up to 20 percent on selected fragrances"
      ],
      "-6": [
        "Save up to 20 percent on selected fragrances"
      ]
    },
    "adCardPoints": 186
  },
  {
    "_id": {
      "$oid": "65ec108d9884656b92f557d8"
    },
    "ppuQuantity": "50ML",
    "pricing": {
      "perUnit": "£55.00 per 100ML",
      "regular": {
        "value": 55,
        "currency": "GBP",
        "text": "£55.00"
      },
      "current": {
        "value": 27.5,
        "currency": "GBP",
        "text": "£27.50"
      },
      "saving": {
        "value": 27.5,
        "currency": "GBP",
        "text": "£27.50"
      }
    },
    "objectId": "1711836",
    "brand": "Juicy Couture",
    "attributes": {
      "fragrance_scent": [
        "floral",
        "sweet",
        "fruity"
      ],
      "StockOverrideMessage": "STOCK_COMING_SOON",
      "gender": "womens",
      "size": "41-50",
      "parentCategory_UK": "33071",
      "fragrance_type": "eau de parfum",
      "hasPriceAdvantageDeal": false,
      "Reporting_Category": "fragrance",
      "ProductReviewFlag": "1"
    },
    "variants": {
      "colours": [],
      "hasColours": false,
      "hasSizes": false
    },
    "categories": [
      [
        {
          "name": "fragrance",
          "label": "fragrance"
        },
        {
          "name": "gift",
          "label": "gift"
        }
      ],
      [
        {
          "name": "5* rated perfumes & aftershaves",
          "label": "fragrance > 5* rated perfumes & aftershaves"
        },
        {
          "name": "perfume",
          "label": "fragrance > perfume"
        },
        {
          "name": "fragrance offers",
          "label": "fragrance > fragrance offers"
        },
        {
          "name": "gifts for her",
          "label": "gift > gifts for her"
        }
      ],
      [
        {
          "name": "all perfumes",
          "label": "fragrance > perfume > all perfumes"
        },
        {
          "name": "floral perfume",
          "label": "fragrance > perfume > floral perfume"
        },
        {
          "name": "save up to half price",
          "label": "fragrance > fragrance offers > save up to half price"
        },
        {
          "name": "online only offers",
          "label": "fragrance > fragrance offers > online only offers"
        },
        {
          "name": "save up to 20% on fragrance",
          "label": "fragrance > fragrance offers > save up to 20% on fragrance"
        },
        {
          "name": "all perfumes",
          "label": "gift > gifts for her > all perfumes"
        }
      ]
    ],
    "reviews": {
      "average": 4.63,
      "count": 48,
      "rounded": 4
    },
    "parent": {
      "product": "1711835",
      "partNumber": "10198308.P",
      "model": "10198308",
      "manufacturerModel": "6300626"
    },
    "images": {
      "thumbnail": "https://boots.scene7.com/is/image/Boots/10198308?wid=45&hei=60&op_sharpen=1"
    },
    "offers": [
      {
        "text": "Save up to 1/2 price on selected fragrances"
      }
    ],
    "actions": {},
    "iconUri": "https://boots.scene7.com/is/image/Boots/10198308?op_sharpen=1",
    "title": "Juicy Couture I Am Juicy Couture Eau de Parfum 50ml",
    "referenceUri": "/juicy-couture-i-am-juicy-couture-eau-de-parfum-50ml-10198308",
    "canAddToBasket": "yes",
    "opticians": false,
    "inStock": true,
    "expressDelivery": false,
    "hasOtherPromotion": true,
    "channelPromotionalTextMap": {
      "-1": [
        "Save up to 1/2 price on selected fragrances"
      ],
      "-6": [
        "Save up to 1/2 price on selected fragrances"
      ]
    },
    "adCardPoints": 81
  },
  {
    "_id": {
      "$oid": "65ec108d9884656b92f557d9"
    },
    "ppuQuantity": "100ML",
    "pricing": {
      "perUnit": "£67.50 per 100ML",
      "regular": {
        "value": 101,
        "currency": "GBP",
        "text": "£101.00"
      },
      "current": {
        "value": 67.5,
        "currency": "GBP",
        "text": "£67.50"
      },
      "saving": {
        "value": 33.5,
        "currency": "GBP",
        "text": "£33.50"
      }
    },
    "objectId": "3023",
    "brand": "Givenchy",
    "attributes": {
      "fragrance_scent": [
        "musk",
        "vanilla",
        "sweet",
        "woody",
        "floral"
      ],
      "StockOverrideMessage": "STOCK_COMING_SOON",
      "Size": [
        "100ml",
        "100 ml"
      ],
      "parentCategory_UK": "33071",
      "fragrance_type": "eau de toilette",
      "hasPriceAdvantageDeal": false,
      "Reporting_Category": "fragrance",
      "ProductReviewFlag": "1"
    },
    "variants": {
      "colours": [],
      "hasColours": false,
      "hasSizes": false
    },
    "categories": [
      [
        {
          "name": "fragrance",
          "label": "fragrance"
        },
        {
          "name": "gift",
          "label": "gift"
        }
      ],
      [
        {
          "name": "5* rated perfumes & aftershaves",
          "label": "fragrance > 5* rated perfumes & aftershaves"
        },
        {
          "name": "perfume",
          "label": "fragrance > perfume"
        },
        {
          "name": "fragrance offers",
          "label": "fragrance > fragrance offers"
        },
        {
          "name": "gifts for her",
          "label": "gift > gifts for her"
        }
      ],
      [
        {
          "name": "all perfumes",
          "label": "fragrance > perfume > all perfumes"
        },
        {
          "name": "vanilla perfume",
          "label": "fragrance > perfume > vanilla perfume"
        },
        {
          "name": "musky perfume",
          "label": "fragrance > perfume > musky perfume"
        },
        {
          "name": "floral perfume",
          "label": "fragrance > perfume > floral perfume"
        },
        {
          "name": "everyday low prices",
          "label": "fragrance > fragrance offers > everyday low prices"
        },
        {
          "name": "all perfumes",
          "label": "gift > gifts for her > all perfumes"
        }
      ]
    ],
    "reviews": {
      "average": 4.61,
      "count": 166,
      "rounded": 4
    },
    "parent": {
      "product": "3022",
      "partNumber": "10011499.P",
      "model": "10011499",
      "manufacturerModel": "1695355"
    },
    "images": {
      "thumbnail": "https://boots.scene7.com/is/image/Boots/10011499?wid=45&hei=60&op_sharpen=1"
    },
    "offers": [
      {
        "text": "Save up to 1/2 price on selected fragrances"
      }
    ],
    "actions": {},
    "iconUri": "https://boots.scene7.com/is/image/Boots/10011499?op_sharpen=1",
    "title": "Givenchy Amarige Eau de Toilette 100ml",
    "referenceUri": "/givenchy-amarige-eau-de-toilette-spray-100ml-10011499",
    "canAddToBasket": "yes",
    "opticians": false,
    "inStock": true,
    "expressDelivery": false,
    "hasOtherPromotion": true,
    "channelPromotionalTextMap": {
      "-1": [
        "Save up to 1/2 price on selected fragrances"
      ],
      "-6": [
        "Save up to 1/2 price on selected fragrances"
      ]
    },
    "adCardPoints": 201
  },
  {
    "_id": {
      "$oid": "65ec108d9884656b92f557da"
    },
    "ppuQuantity": "30ML",
    "pricing": {
      "perUnit": "£192.67 per 100ML",
      "regular": {
        "value": 68,
        "currency": "GBP",
        "text": "£68.00"
      },
      "current": {
        "value": 57.8,
        "currency": "GBP",
        "text": "£57.80"
      },
      "saving": {
        "value": 10.2,
        "currency": "GBP",
        "text": "£10.20"
      }
    },
    "objectId": "14874",
    "brand": "Christian Dior",
    "attributes": {
      "fragrance_scent": [
        "amber",
        "musk",
        "woody"
      ],
      "gender": "womens",
      "size": "21-30",
      "StockOverrideMessage": "STOCK_COMING_SOON",
      "Size": [
        "30 ml",
        "30ml"
      ],
      "parentCategory_UK": "33071",
      "fragrance_type": "eau de parfum",
      "hasPriceAdvantageDeal": false,
      "Reporting_Category": "fragrance",
      "ProductReviewFlag": "1"
    },
    "variants": {
      "colours": [],
      "hasColours": false,
      "hasSizes": false
    },
    "categories": [
      [
        {
          "name": "fragrance",
          "label": "fragrance"
        },
        {
          "name": "gift",
          "label": "gift"
        }
      ],
      [
        {
          "name": "5* rated perfumes & aftershaves",
          "label": "fragrance > 5* rated perfumes & aftershaves"
        },
        {
          "name": "perfume",
          "label": "fragrance > perfume"
        },
        {
          "name": "fragrance offers",
          "label": "fragrance > fragrance offers"
        },
        {
          "name": "gifts for her",
          "label": "gift > gifts for her"
        }
      ],
      [
        {
          "name": "all perfumes",
          "label": "fragrance > perfume > all perfumes"
        },
        {
          "name": "musky perfume",
          "label": "fragrance > perfume > musky perfume"
        },
        {
          "name": "amber perfume",
          "label": "fragrance > perfume > amber perfume"
        },
        {
          "name": "save up to 20% on fragrance",
          "label": "fragrance > fragrance offers > save up to 20% on fragrance"
        },
        {
          "name": "Save 15% on 100s of fragrances",
          "label": "fragrance > fragrance offers > Save 15% on 100s of fragrances"
        },
        {
          "name": "all perfumes",
          "label": "gift > gifts for her > all perfumes"
        }
      ]
    ],
    "reviews": {
      "average": 4.61,
      "count": 90,
      "rounded": 4
    },
    "parent": {
      "product": "14873",
      "partNumber": "10040344.P",
      "model": "10040344",
      "manufacturerModel": "4943171"
    },
    "images": {
      "thumbnail": "https://boots.scene7.com/is/image/Boots/10040344?wid=45&hei=60&op_sharpen=1"
    },
    "offers": [
      {
        "text": "Save up to 20 percent on selected fragrances"
      }
    ],
    "actions": {},
    "iconUri": "https://boots.scene7.com/is/image/Boots/10040344?op_sharpen=1",
    "title": "DIOR Pure Poison Eau de Parfum 30ml",
    "referenceUri": "/dior-pure-poison-eau-de-parfum-30ml-10040344",
    "canAddToBasket": "yes",
    "opticians": false,
    "inStock": true,
    "expressDelivery": false,
    "hasOtherPromotion": true,
    "channelPromotionalTextMap": {
      "-1": [
        "Save up to 20 percent on selected fragrances"
      ],
      "-6": [
        "Save up to 20 percent on selected fragrances"
      ]
    },
    "adCardPoints": 171
  },
  {
    "_id": {
      "$oid": "65ec108d9884656b92f557db"
    },
    "ppuQuantity": "100ML",
    "pricing": {
      "perUnit": "£40.00 per 100ML",
      "regular": {
        "value": 78,
        "currency": "GBP",
        "text": "£78.00"
      },
      "current": {
        "value": 40,
        "currency": "GBP",
        "text": "£40.00"
      },
      "saving": {
        "value": 38,
        "currency": "GBP",
        "text": "£38.00"
      }
    },
    "objectId": "2925",
    "brand": "Calvin Klein",
    "attributes": {
      "StockOverrideMessage": "STOCK_COMING_SOON",
      "Size": [
        "100ml",
        "100 ml"
      ],
      "fragrance_type": "eau de parfum",
      "hasPriceAdvantageDeal": false,
      "Reporting_Category": "fragrance",
      "ProductReviewFlag": "1"
    },
    "variants": {
      "colours": [],
      "hasColours": false,
      "hasSizes": false
    },
    "categories": [
      [
        {
          "name": "fragrance",
          "label": "fragrance"
        },
        {
          "name": "gift",
          "label": "gift"
        }
      ],
      [
        {
          "name": "perfume",
          "label": "fragrance > perfume"
        },
        {
          "name": "fragrance offers",
          "label": "fragrance > fragrance offers"
        },
        {
          "name": "gifts for her",
          "label": "gift > gifts for her"
        }
      ],
      [
        {
          "name": "all perfumes",
          "label": "fragrance > perfume > all perfumes"
        },
        {
          "name": "everyday low prices",
          "label": "fragrance > fragrance offers > everyday low prices"
        },
        {
          "name": "all perfumes",
          "label": "gift > gifts for her > all perfumes"
        }
      ]
    ],
    "reviews": {
      "average": 4.48,
      "count": 343,
      "rounded": 4
    },
    "parent": {
      "product": "2924",
      "partNumber": "10011394.P",
      "model": "10011394",
      "manufacturerModel": "6840043"
    },
    "images": {
      "thumbnail": "https://boots.scene7.com/is/image/Boots/10011394?wid=45&hei=60&op_sharpen=1"
    },
    "offers": [
      {
        "text": "Save up to 1/2 price on selected fragrances"
      }
    ],
    "actions": {},
    "iconUri": "https://boots.scene7.com/is/image/Boots/10011394?op_sharpen=1",
    "title": "Calvin Klein Obsession for Women Eau de Parfum 100ml",
    "referenceUri": "/calvin-klein-obsession-eau-de-parfum-spray-100ml-10011394",
    "canAddToBasket": "yes",
    "opticians": false,
    "inStock": true,
    "expressDelivery": false,
    "hasOtherPromotion": true,
    "channelPromotionalTextMap": {
      "-1": [
        "Save up to 1/2 price on selected fragrances"
      ],
      "-6": [
        "Save up to 1/2 price on selected fragrances"
      ]
    },
    "adCardPoints": 120
  },
  {
    "_id": {
      "$oid": "65ec108d9884656b92f557dc"
    },
    "ppuQuantity": "30ML",
    "pricing": {
      "perUnit": "£189.33 per 100ML",
      "regular": {
        "value": 71,
        "currency": "GBP",
        "text": "£71.00"
      },
      "current": {
        "value": 56.8,
        "currency": "GBP",
        "text": "£56.80"
      },
      "saving": {
        "value": 14.2,
        "currency": "GBP",
        "text": "£14.20"
      }
    },
    "objectId": "2593599",
    "brand": "Tiffany",
    "attributes": {
      "fragrance_scent": "floral",
      "StockOverrideMessage": "STOCK_COMING_SOON",
      "gender": "womens",
      "format": "spray",
      "fragrance_type": "eau de parfum",
      "hasPriceAdvantageDeal": false,
      "Reporting_Category": "fragrance",
      "ProductReviewFlag": "1"
    },
    "variants": {
      "colours": [],
      "hasColours": false,
      "hasSizes": false
    },
    "categories": [
      [
        {
          "name": "gift",
          "label": "gift"
        },
        {
          "name": "fragrance",
          "label": "fragrance"
        }
      ],
      [
        {
          "name": "perfume",
          "label": "fragrance > perfume"
        },
        {
          "name": "gifts for her",
          "label": "gift > gifts for her"
        },
        {
          "name": "luxury fragrance",
          "label": "fragrance > luxury fragrance"
        },
        {
          "name": "Eid gifts",
          "label": "gift > Eid gifts"
        },
        {
          "name": "luxury gifts",
          "label": "gift > luxury gifts"
        }
      ],
      [
        {
          "name": "all perfumes",
          "label": "fragrance > perfume > all perfumes"
        },
        {
          "name": "all perfumes",
          "label": "gift > gifts for her > all perfumes"
        }
      ]
    ],
    "reviews": {
      "average": 4.38,
      "count": 647,
      "rounded": 4
    },
    "parent": {
      "product": "2593598",
      "partNumber": "10300871.P",
      "model": "10300871",
      "manufacturerModel": "5519675"
    },
    "images": {
      "thumbnail": "https://boots.scene7.com/is/image/Boots/10300871?wid=45&hei=60&op_sharpen=1"
    },
    "offers": [
      {
        "text": "Save up to 20 percent on selected fragrances"
      }
    ],
    "actions": {},
    "iconUri": "https://boots.scene7.com/is/image/Boots/10300871?op_sharpen=1",
    "title": "Tiffany & Co. Rose Gold Eau de Parfum for Her 30ml",
    "referenceUri": "/tiffany-co-rose-gold-eau-de-parfum-for-her-30ml-10300871",
    "canAddToBasket": "yes",
    "opticians": false,
    "inStock": true,
    "expressDelivery": false,
    "hasOtherPromotion": true,
    "channelPromotionalTextMap": {
      "-1": [
        "Save up to 20 percent on selected fragrances"
      ],
      "-6": [
        "Save up to 20 percent on selected fragrances"
      ]
    },
    "adCardPoints": 168
  },
  {
    "_id": {
      "$oid": "65ec108d9884656b92f557dd"
    },
    "ppuQuantity": "100ML",
    "pricing": {
      "perUnit": "£35.70 per 100ML",
      "regular": {
        "value": 42,
        "currency": "GBP",
        "text": "£42.00"
      },
      "current": {
        "value": 35.7,
        "currency": "GBP",
        "text": "£35.70"
      },
      "saving": {
        "value": 6.3,
        "currency": "GBP",
        "text": "£6.30"
      }
    },
    "objectId": "2630909",
    "brand": "Clarins",
    "attributes": {
      "product_type": "body spray",
      "size": "71-100",
      "StockOverrideMessage": "STOCK_COMING_SOON",
      "format": "spray",
      "hasPriceAdvantageDeal": false,
      "Reporting_Category": "fragrance",
      "skin_type": "all skin types",
      "body_area": "body",
      "ProductReviewFlag": "1"
    },
    "variants": {
      "colours": [],
      "hasColours": false,
      "hasSizes": false
    },
    "categories": [
      [
        {
          "name": "new in",
          "label": "new in"
        },
        {
          "name": "beauty & skincare",
          "label": "beauty & skincare"
        },
        {
          "name": "fragrance",
          "label": "fragrance"
        },
        {
          "name": "toiletries",
          "label": "toiletries"
        },
        {
          "name": "gift",
          "label": "gift"
        }
      ],
      [
        {
          "name": "new in premium beauty & skincare",
          "label": "new in > new in premium beauty & skincare"
        },
        {
          "name": "premium beauty & skincare",
          "label": "beauty & skincare > premium beauty & skincare"
        },
        {
          "name": "skincare",
          "label": "beauty & skincare > skincare"
        },
        {
          "name": "perfume",
          "label": "fragrance > perfume"
        },
        {
          "name": "skincare",
          "label": "toiletries > skincare"
        },
        {
          "name": "gifts for her",
          "label": "gift > gifts for her"
        },
        {
          "name": "new in beauty & skincare",
          "label": "beauty & skincare > new in beauty & skincare"
        },
        {
          "name": "new in beauty & skincare",
          "label": "new in > new in beauty & skincare"
        }
      ],
      [
        {
          "name": "save up to 25% across selected premium beauty and No7",
          "label": "beauty & skincare > premium beauty & skincare > save up to 25% across selected premium beauty and No7"
        },
        {
          "name": "new in premium beauty & skincare",
          "label": "beauty & skincare > premium beauty & skincare > new in premium beauty & skincare"
        },
        {
          "name": "skin type",
          "label": "beauty & skincare > skincare > skin type"
        },
        {
          "name": "skincare ingredients",
          "label": "beauty & skincare > skincare > skincare ingredients"
        },
        {
          "name": "all perfumes",
          "label": "fragrance > perfume > all perfumes"
        },
        {
          "name": "skin type",
          "label": "toiletries > skincare > skin type"
        },
        {
          "name": "skincare ingredients",
          "label": "toiletries > skincare > skincare ingredients"
        },
        {
          "name": "all perfumes",
          "label": "gift > gifts for her > all perfumes"
        }
      ]
    ],
    "reviews": {
      "average": 4.33,
      "count": 147,
      "rounded": 4
    },
    "parent": {
      "product": "2630908",
      "partNumber": "10305531.P",
      "model": "10305531",
      "manufacturerModel": "8922403"
    },
    "images": {
      "thumbnail": "https://boots.scene7.com/is/image/Boots/10305531?wid=45&hei=60&op_sharpen=1"
    },
    "offers": [
      {
        "text": "£10 worth of Advantage Card points when you buy 2 selected Clarins products, one to be skincare or foundation"
      },
      {
        "text": "Save up to 25 percent across selected Premium Beauty"
      }
    ],
    "actions": {},
    "iconUri": "https://boots.scene7.com/is/image/Boots/10305531?op_sharpen=1",
    "title": "Clarins Eau Extraordinaire Treatment Fragrance 100ml",
    "referenceUri": "/clarins-eau-extraordinaire-treatment-fragrance-100ml-10305531",
    "canAddToBasket": "yes",
    "opticians": false,
    "inStock": true,
    "expressDelivery": false,
    "hasOtherPromotion": true,
    "channelPromotionalTextMap": {
      "-1": [
        "£10 worth of Advantage Card points when you buy 2 selected Clarins products, one to be skincare or foundation",
        "Save up to 25 percent across selected Premium Beauty"
      ],
      "-6": [
        "£10 worth of Advantage Card points when you buy 2 selected Clarins products, one to be skincare or foundation",
        "Save up to 25 percent across selected Premium Beauty"
      ]
    },
    "adCardPoints": 105
  },
  {
    "_id": {
      "$oid": "65ec108d9884656b92f557de"
    },
    "ppuQuantity": "50ML",
    "pricing": {
      "perUnit": "£129.70 per 100ML",
      "regular": {
        "value": 76.3,
        "currency": "GBP",
        "text": "£76.30"
      },
      "current": {
        "value": 64.85,
        "currency": "GBP",
        "text": "£64.85"
      },
      "saving": {
        "value": 11.45,
        "currency": "GBP",
        "text": "£11.45"
      }
    },
    "objectId": "3115",
    "brand": "Jean Paul Gaultier",
    "attributes": {
      "fragrance_scent": [
        "vanilla",
        "citrus"
      ],
      "StockOverrideMessage": "STOCK_COMING_SOON",
      "gender": "womens",
      "size": "41-50",
      "Size": "50ml",
      "parentCategory_UK": "33071",
      "fragrance_type": "eau de toilette",
      "recipient": "gifts for women",
      "hasPriceAdvantageDeal": false,
      "Reporting_Category": "fragrance",
      "gift_type": "fragrance gifts",
      "ProductReviewFlag": "1"
    },
    "variants": {
      "colours": [],
      "hasColours": false,
      "hasSizes": false
    },
    "categories": [
      [
        {
          "name": "fragrance",
          "label": "fragrance"
        },
        {
          "name": "gift",
          "label": "gift"
        }
      ],
      [
        {
          "name": "perfume",
          "label": "fragrance > perfume"
        },
        {
          "name": "fragrance offers",
          "label": "fragrance > fragrance offers"
        },
        {
          "name": "gifts for her",
          "label": "gift > gifts for her"
        }
      ],
      [
        {
          "name": "all perfumes",
          "label": "fragrance > perfume > all perfumes"
        },
        {
          "name": "vanilla perfume",
          "label": "fragrance > perfume > vanilla perfume"
        },
        {
          "name": "Collect £10 worth of points when you spend £60",
          "label": "fragrance > fragrance offers > Collect £10 worth of points when you spend £60"
        },
        {
          "name": "all perfumes",
          "label": "gift > gifts for her > all perfumes"
        }
      ]
    ],
    "reviews": {
      "average": 4.82,
      "count": 137,
      "rounded": 4
    },
    "parent": {
      "product": "3114",
      "partNumber": "10011717.P",
      "model": "10011717",
      "manufacturerModel": "1982605"
    },
    "images": {
      "thumbnail": "https://boots.scene7.com/is/image/Boots/10011717?wid=45&hei=60&op_sharpen=1"
    },
    "offers": [
      {
        "text": "Save 15 percent on selected fragrance"
      }
    ],
    "actions": {},
    "iconUri": "https://boots.scene7.com/is/image/Boots/10011717?op_sharpen=1",
    "title": "Jean Paul Gaultier Classique For Women Eau de Toilette 50ml",
    "referenceUri": "/jean-paul-gaultier-classique-eau-de-toilette-spray-50ml-10011717",
    "canAddToBasket": "yes",
    "opticians": false,
    "inStock": true,
    "expressDelivery": false,
    "hasOtherPromotion": true,
    "channelPromotionalTextMap": {
      "-1": [
        "Save 15 percent on selected fragrance"
      ],
      "-6": [
        "Save 15 percent on selected fragrance"
      ]
    },
    "adCardPoints": 192
  },
  {
    "_id": {
      "$oid": "65ec108d9884656b92f557df"
    },
    "ppuQuantity": "30ML",
    "pricing": {
      "perUnit": "£110.00 per 100ML",
      "regular": {
        "value": 33,
        "currency": "GBP",
        "text": "£33.00"
      },
      "current": {
        "value": 33,
        "currency": "GBP",
        "text": "£33.00"
      }
    },
    "objectId": "2880653",
    "brand": "Ariana Grande",
    "attributes": {
      "fragrance_scent": "musk",
      "size": "21-30",
      "gender": "womens",
      "StockOverrideMessage": "STOCK_COMING_SOON",
      "format": "spray",
      "fragrance_type": "eau de parfum",
      "hasPriceAdvantageDeal": false,
      "key_features": "cruelty-free",
      "ProductReviewFlag": "1"
    },
    "variants": {
      "colours": [],
      "hasColours": false,
      "hasSizes": false
    },
    "categories": [
      [
        {
          "name": "fragrance",
          "label": "fragrance"
        },
        {
          "name": "gift",
          "label": "gift"
        },
        {
          "name": "new in",
          "label": "new in"
        }
      ],
      [
        {
          "name": "perfume",
          "label": "fragrance > perfume"
        },
        {
          "name": "gifts for her",
          "label": "gift > gifts for her"
        },
        {
          "name": "new in fragrance",
          "label": "fragrance > new in fragrance"
        },
        {
          "name": "brands",
          "label": "fragrance > brands"
        },
        {
          "name": "new in fragrance",
          "label": "new in > new in fragrance"
        }
      ],
      [
        {
          "name": "all perfumes",
          "label": "fragrance > perfume > all perfumes"
        },
        {
          "name": "musky perfume",
          "label": "fragrance > perfume > musky perfume"
        },
        {
          "name": "all perfumes",
          "label": "gift > gifts for her > all perfumes"
        }
      ]
    ],
    "reviews": {
      "average": 4.71,
      "count": 17,
      "rounded": 4
    },
    "parent": {
      "product": "2880652",
      "partNumber": "10334197.P",
      "model": "10334197",
      "manufacturerModel": "5783429"
    },
    "images": {
      "thumbnail": "https://boots.scene7.com/is/image/Boots/10334197?wid=45&hei=60&op_sharpen=1"
    },
    "offers": [],
    "actions": {},
    "iconUri": "https://boots.scene7.com/is/image/Boots/10334197?op_sharpen=1",
    "title": "Ariana Grande Cloud Pink Eau de Parfum 30ml",
    "referenceUri": "/ariana-grande-cloud-pink-eau-de-parfum-30ml-10334197",
    "canAddToBasket": "yes",
    "opticians": false,
    "inStock": true,
    "expressDelivery": false,
    "hasOtherPromotion": false,
    "channelPromotionalTextMap": {
      "-1": [],
      "-6": []
    },
    "adCardPoints": 99
  },
  {
    "_id": {
      "$oid": "65ec108d9884656b92f557e0"
    },
    "ppuQuantity": "50ML",
    "pricing": {
      "perUnit": "£40.50 per 100ML",
      "regular": {
        "value": 27,
        "currency": "GBP",
        "text": "£27.00"
      },
      "current": {
        "value": 20.25,
        "currency": "GBP",
        "text": "£20.25"
      },
      "saving": {
        "value": 6.75,
        "currency": "GBP",
        "text": "£6.75"
      }
    },
    "objectId": "9844",
    "brand": "Elizabeth Arden",
    "attributes": {
      "fragrance_scent": [
        "fruity",
        "musk"
      ],
      "StockOverrideMessage": "SOLD_OUT",
      "Size": [
        "50 ml",
        "50ml"
      ],
      "parentCategory_UK": "33035",
      "fragrance_type": [
        "eau de parfum",
        "eau de toilette"
      ],
      "format": "spray",
      "Reporting_Category": "fragrance",
      "body_area": "body",
      "size": "41-50",
      "hasPriceAdvantageDeal": false,
      "ingredients": "green tea",
      "key_features": "oil-based",
      "ProductReviewFlag": "1"
    },
    "variants": {
      "colours": [],
      "hasColours": false,
      "hasSizes": false
    },
    "categories": [
      [
        {
          "name": "fragrance",
          "label": "fragrance"
        },
        {
          "name": "beauty & skincare",
          "label": "beauty & skincare"
        },
        {
          "name": "gift",
          "label": "gift"
        }
      ],
      [
        {
          "name": "5* rated perfumes & aftershaves",
          "label": "fragrance > 5* rated perfumes & aftershaves"
        },
        {
          "name": "premium beauty & skincare",
          "label": "beauty & skincare > premium beauty & skincare"
        },
        {
          "name": "perfume",
          "label": "fragrance > perfume"
        },
        {
          "name": "gifts for her",
          "label": "gift > gifts for her"
        }
      ],
      [
        {
          "name": "save up to 25% across selected premium beauty and No7",
          "label": "beauty & skincare > premium beauty & skincare > save up to 25% across selected premium beauty and No7"
        },
        {
          "name": "all perfumes",
          "label": "fragrance > perfume > all perfumes"
        },
        {
          "name": "musky perfume",
          "label": "fragrance > perfume > musky perfume"
        },
        {
          "name": "all perfumes",
          "label": "gift > gifts for her > all perfumes"
        }
      ]
    ],
    "reviews": {
      "average": 4.64,
      "count": 147,
      "rounded": 4
    },
    "parent": {
      "product": "9843",
      "partNumber": "10029293.P",
      "model": "10029293",
      "manufacturerModel": "3992713"
    },
    "images": {
      "thumbnail": "https://boots.scene7.com/is/image/Boots/10029293?wid=45&hei=60&op_sharpen=1"
    },
    "offers": [
      {
        "text": "Spend £45 on selected Elizabeth Arden and receive Elizabeth Arden Icons Set for £75, worth £281"
      },
      {
        "text": "Save up to 25 percent across selected Premium Beauty"
      }
    ],
    "actions": {},
    "iconUri": "https://boots.scene7.com/is/image/Boots/10029293?op_sharpen=1",
    "title": "Elizabeth Arden Green Tea Eau de Parfum 50ml",
    "referenceUri": "/elizabeth-arden-green-tea-eau-de-parfum-spray-50ml-10029293",
    "canAddToBasket": "yes",
    "opticians": false,
    "inStock": true,
    "expressDelivery": false,
    "hasOtherPromotion": true,
    "channelPromotionalTextMap": {
      "-1": [
        "Spend £45 on selected Elizabeth Arden and receive Elizabeth Arden Icons Set for £75, worth £281",
        "Save up to 25 percent across selected Premium Beauty"
      ],
      "-6": [
        "Spend £45 on selected Elizabeth Arden and receive Elizabeth Arden Icons Set for £75, worth £281",
        "Save up to 25 percent across selected Premium Beauty"
      ]
    },
    "adCardPoints": 60
  },
  {
    "_id": {
      "$oid": "65ec108d9884656b92f557e1"
    },
    "ppuQuantity": "50ML",
    "pricing": {
      "perUnit": "£164.90 per 100ML",
      "regular": {
        "value": 97,
        "currency": "GBP",
        "text": "£97.00"
      },
      "current": {
        "value": 82.45,
        "currency": "GBP",
        "text": "£82.45"
      },
      "saving": {
        "value": 14.55,
        "currency": "GBP",
        "text": "£14.55"
      }
    },
    "objectId": "12718",
    "brand": "Christian Dior",
    "attributes": {
      "fragrance_scent": [
        "citrus",
        "amber",
        "floral"
      ],
      "gender": "womens",
      "size": "41-50",
      "StockOverrideMessage": "STOCK_COMING_SOON",
      "Size": "50ml",
      "parentCategory_UK": "33071",
      "fragrance_type": "eau de parfum",
      "hasPriceAdvantageDeal": false,
      "Reporting_Category": "fragrance",
      "ProductReviewFlag": "1"
    },
    "variants": {
      "colours": [],
      "hasColours": false,
      "hasSizes": false
    },
    "categories": [
      [
        {
          "name": "fragrance",
          "label": "fragrance"
        },
        {
          "name": "gift",
          "label": "gift"
        }
      ],
      [
        {
          "name": "perfume",
          "label": "fragrance > perfume"
        },
        {
          "name": "fragrance offers",
          "label": "fragrance > fragrance offers"
        },
        {
          "name": "gifts for her",
          "label": "gift > gifts for her"
        }
      ],
      [
        {
          "name": "all perfumes",
          "label": "fragrance > perfume > all perfumes"
        },
        {
          "name": "floral perfume",
          "label": "fragrance > perfume > floral perfume"
        },
        {
          "name": "amber perfume",
          "label": "fragrance > perfume > amber perfume"
        },
        {
          "name": "save up to 20% on fragrance",
          "label": "fragrance > fragrance offers > save up to 20% on fragrance"
        },
        {
          "name": "Save 15% on 100s of fragrances",
          "label": "fragrance > fragrance offers > Save 15% on 100s of fragrances"
        },
        {
          "name": "all perfumes",
          "label": "gift > gifts for her > all perfumes"
        }
      ]
    ],
    "reviews": {
      "average": 4.64,
      "count": 14,
      "rounded": 4
    },
    "parent": {
      "product": "12717",
      "partNumber": "10035255.P",
      "model": "10035255",
      "manufacturerModel": "4128087"
    },
    "images": {
      "thumbnail": "https://boots.scene7.com/is/image/Boots/10035255?wid=45&hei=60&op_sharpen=1"
    },
    "offers": [
      {
        "text": "Save up to 20 percent on selected fragrances"
      }
    ],
    "actions": {},
    "iconUri": "https://boots.scene7.com/is/image/Boots/10035255?op_sharpen=1",
    "title": "DIOR ADDICT Eau de Parfum Spray 50ml",
    "referenceUri": "/dior-addict-eau-de-parfum-spray-50ml-10035255",
    "canAddToBasket": "yes",
    "opticians": false,
    "inStock": true,
    "expressDelivery": false,
    "hasOtherPromotion": true,
    "channelPromotionalTextMap": {
      "-1": [
        "Save up to 20 percent on selected fragrances"
      ],
      "-6": [
        "Save up to 20 percent on selected fragrances"
      ]
    },
    "adCardPoints": 246
  },
  {
    "_id": {
      "$oid": "65ec108d9884656b92f557e2"
    },
    "ppuQuantity": "50ML",
    "pricing": {
      "perUnit": "£92.80 per 100ML",
      "regular": {
        "value": 58,
        "currency": "GBP",
        "text": "£58.00"
      },
      "current": {
        "value": 46.4,
        "currency": "GBP",
        "text": "£46.40"
      },
      "saving": {
        "value": 11.6,
        "currency": "GBP",
        "text": "£11.60"
      }
    },
    "objectId": "2176431",
    "brand": "Calvin Klein",
    "attributes": {
      "fragrance_scent": [
        "fruity",
        "floral"
      ],
      "size": "41-50",
      "StockOverrideMessage": "STOCK_COMING_SOON",
      "gender": "womens",
      "fragrance_type": "eau de parfum",
      "hasPriceAdvantageDeal": false,
      "Reporting_Category": "fragrance",
      "ProductReviewFlag": "1"
    },
    "variants": {
      "colours": [],
      "hasColours": false,
      "hasSizes": false
    },
    "categories": [
      [
        {
          "name": "fragrance",
          "label": "fragrance"
        },
        {
          "name": "gift",
          "label": "gift"
        }
      ],
      [
        {
          "name": "perfume",
          "label": "fragrance > perfume"
        },
        {
          "name": "fragrance offers",
          "label": "fragrance > fragrance offers"
        },
        {
          "name": "gifts for her",
          "label": "gift > gifts for her"
        }
      ],
      [
        {
          "name": "all perfumes",
          "label": "fragrance > perfume > all perfumes"
        },
        {
          "name": "floral perfume",
          "label": "fragrance > perfume > floral perfume"
        },
        {
          "name": "save up to half price",
          "label": "fragrance > fragrance offers > save up to half price"
        },
        {
          "name": "all perfumes",
          "label": "gift > gifts for her > all perfumes"
        }
      ]
    ],
    "reviews": {
      "average": 4.5,
      "count": 82,
      "rounded": 4
    },
    "parent": {
      "product": "2176430",
      "partNumber": "10255339.P",
      "model": "10255339",
      "manufacturerModel": "8220638"
    },
    "images": {
      "thumbnail": "https://boots.scene7.com/is/image/Boots/10255339?wid=45&hei=60&op_sharpen=1"
    },
    "offers": [
      {
        "text": "Save up to 1/2 price on selected fragrances"
      }
    ],
    "actions": {},
    "iconUri": "https://boots.scene7.com/is/image/Boots/10255339?op_sharpen=1",
    "title": "Calvin Klein Women Eau de Parfum 50ml",
    "referenceUri": "/calvin-klein-women-eau-de-parfum-50ml-10255339",
    "canAddToBasket": "yes",
    "opticians": false,
    "inStock": true,
    "expressDelivery": false,
    "hasOtherPromotion": true,
    "channelPromotionalTextMap": {
      "-1": [
        "Save up to 1/2 price on selected fragrances"
      ],
      "-6": [
        "Save up to 1/2 price on selected fragrances"
      ]
    },
    "adCardPoints": 138
  },
  {
    "_id": {
      "$oid": "65ec108d9884656b92f557e3"
    },
    "ppuQuantity": "50ML",
    "pricing": {
      "perUnit": "£124.80 per 100ML",
      "regular": {
        "value": 78,
        "currency": "GBP",
        "text": "£78.00"
      },
      "current": {
        "value": 62.4,
        "currency": "GBP",
        "text": "£62.40"
      },
      "saving": {
        "value": 15.6,
        "currency": "GBP",
        "text": "£15.60"
      }
    },
    "objectId": "2790595",
    "brand": "Versace",
    "attributes": {
      "fragrance_scent": "fruity",
      "fragrance_type": "eau de parfum",
      "hasPriceAdvantageDeal": false,
      "StockOverrideMessage": "STOCK_COMING_SOON",
      "ProductReviewFlag": "1"
    },
    "variants": {
      "colours": [],
      "hasColours": false,
      "hasSizes": false
    },
    "categories": [
      [
        {
          "name": "fragrance",
          "label": "fragrance"
        },
        {
          "name": "gift",
          "label": "gift"
        }
      ],
      [
        {
          "name": "luxury fragrance",
          "label": "fragrance > luxury fragrance"
        },
        {
          "name": "perfume",
          "label": "fragrance > perfume"
        },
        {
          "name": "gifts for her",
          "label": "gift > gifts for her"
        }
      ],
      [
        {
          "name": "all perfumes",
          "label": "fragrance > perfume > all perfumes"
        },
        {
          "name": "all perfumes",
          "label": "gift > gifts for her > all perfumes"
        }
      ]
    ],
    "reviews": {
      "average": 4.27,
      "count": 15,
      "rounded": 4
    },
    "parent": {
      "product": "2790594",
      "partNumber": "10323702.P",
      "model": "10323702",
      "manufacturerModel": "3960439"
    },
    "images": {
      "thumbnail": "https://boots.scene7.com/is/image/Boots/10323702?wid=45&hei=60&op_sharpen=1"
    },
    "offers": [
      {
        "text": "Save up to 20 percent on selected fragrances"
      }
    ],
    "actions": {},
    "iconUri": "https://boots.scene7.com/is/image/Boots/10323702?op_sharpen=1",
    "title": "Versace Dylan Purple Eau de Parfum 50ml",
    "referenceUri": "/versace-dylan-purple-eau-de-parfum-50ml-10323702",
    "canAddToBasket": "yes",
    "opticians": false,
    "inStock": true,
    "expressDelivery": false,
    "hasOtherPromotion": true,
    "channelPromotionalTextMap": {
      "-1": [
        "Save up to 20 percent on selected fragrances"
      ],
      "-6": [
        "Save up to 20 percent on selected fragrances"
      ]
    },
    "adCardPoints": 186
  },
  {
    "_id": {
      "$oid": "65ec108d9884656b92f557e4"
    },
    "ppuQuantity": "75ML",
    "pricing": {
      "perUnit": "£24.00 per 100ML",
      "regular": {
        "value": 38,
        "currency": "GBP",
        "text": "£38.00"
      },
      "current": {
        "value": 18,
        "currency": "GBP",
        "text": "£18.00"
      },
      "saving": {
        "value": 20,
        "currency": "GBP",
        "text": "£20.00"
      }
    },
    "objectId": "33424",
    "brand": "Versace",
    "attributes": {
      "fragrance_scent": [
        "vanilla",
        "musk",
        "floral"
      ],
      "size": "71-100",
      "StockOverrideMessage": "STOCK_COMING_SOON",
      "gender": "womens",
      "parentCategory_UK": "33071",
      "fragrance_type": "eau de toilette",
      "hasPriceAdvantageDeal": false,
      "Reporting_Category": "fragrance",
      "ProductReviewFlag": "1"
    },
    "variants": {
      "colours": [],
      "hasColours": false,
      "hasSizes": false
    },
    "categories": [
      [
        {
          "name": "fragrance",
          "label": "fragrance"
        },
        {
          "name": "toiletries",
          "label": "toiletries"
        },
        {
          "name": "men's",
          "label": "men's"
        },
        {
          "name": "gift",
          "label": "gift"
        },
        {
          "name": "new in",
          "label": "new in"
        }
      ],
      [
        {
          "name": "men's toiletries",
          "label": "toiletries > men's toiletries"
        },
        {
          "name": "men's toiletries",
          "label": "men's > men's toiletries"
        },
        {
          "name": "perfume",
          "label": "fragrance > perfume"
        },
        {
          "name": "aftershave",
          "label": "fragrance > aftershave"
        },
        {
          "name": "fragrance offers",
          "label": "fragrance > fragrance offers"
        },
        {
          "name": "gifts for him",
          "label": "gift > gifts for him"
        },
        {
          "name": "gifts for her",
          "label": "gift > gifts for her"
        },
        {
          "name": "aftershave",
          "label": "men's > aftershave"
        },
        {
          "name": "new in fragrance",
          "label": "fragrance > new in fragrance"
        },
        {
          "name": "new in fragrance",
          "label": "new in > new in fragrance"
        }
      ],
      [
        {
          "name": "aftershave",
          "label": "toiletries > men's toiletries > aftershave"
        },
        {
          "name": "aftershave",
          "label": "men's > men's toiletries > aftershave"
        },
        {
          "name": "all perfumes",
          "label": "fragrance > perfume > all perfumes"
        },
        {
          "name": "floral perfume",
          "label": "fragrance > perfume > floral perfume"
        },
        {
          "name": "all aftershave",
          "label": "fragrance > aftershave > all aftershave"
        },
        {
          "name": "everyday low prices",
          "label": "fragrance > fragrance offers > everyday low prices"
        },
        {
          "name": "all aftershave",
          "label": "gift > gifts for him > all aftershave"
        },
        {
          "name": "all perfumes",
          "label": "gift > gifts for her > all perfumes"
        },
        {
          "name": "all aftershave",
          "label": "men's > aftershave > all aftershave"
        }
      ],
      [
        {
          "name": "all aftershave",
          "label": "toiletries > men's toiletries > aftershave > all aftershave"
        },
        {
          "name": "all aftershave",
          "label": "men's > men's toiletries > aftershave > all aftershave"
        }
      ]
    ],
    "reviews": {
      "average": 4.19,
      "count": 36,
      "rounded": 4
    },
    "parent": {
      "product": "33423",
      "partNumber": "10060298.P",
      "model": "10060298",
      "manufacturerModel": "3600947"
    },
    "images": {
      "thumbnail": "https://boots.scene7.com/is/image/Boots/10060298?wid=45&hei=60&op_sharpen=1"
    },
    "offers": [
      {
        "text": "Save up to 1/2 price on selected fragrances"
      }
    ],
    "actions": {},
    "iconUri": "https://boots.scene7.com/is/image/Boots/10060298?op_sharpen=1",
    "title": "Versace Red Jeans Eau de Toilette 75ml",
    "referenceUri": "/versace-red-jeans-eau-de-toilette-75ml-10060298",
    "canAddToBasket": "yes",
    "opticians": false,
    "inStock": true,
    "expressDelivery": false,
    "hasOtherPromotion": true,
    "channelPromotionalTextMap": {
      "-1": [
        "Save up to 1/2 price on selected fragrances"
      ],
      "-6": [
        "Save up to 1/2 price on selected fragrances"
      ]
    },
    "adCardPoints": 54
  },
  {
    "_id": {
      "$oid": "65ec108d9884656b92f557e5"
    },
    "ppuQuantity": "50ML",
    "pricing": {
      "perUnit": "£119.00 per 100ML",
      "regular": {
        "value": 70,
        "currency": "GBP",
        "text": "£70.00"
      },
      "current": {
        "value": 59.5,
        "currency": "GBP",
        "text": "£59.50"
      },
      "saving": {
        "value": 10.5,
        "currency": "GBP",
        "text": "£10.50"
      }
    },
    "objectId": "1654228",
    "brand": "Estee Lauder",
    "attributes": {
      "fragrance_scent": [
        "amber",
        "woody",
        "citrus"
      ],
      "StockOverrideMessage": "STOCK_COMING_SOON",
      "size": "41-50",
      "gender": "womens",
      "parentCategory_UK": "33028",
      "fragrance_type": "eau de parfum",
      "hasPriceAdvantageDeal": false,
      "Reporting_Category": "fragrance",
      "gift_type": "fragrance gifts",
      "ProductReviewFlag": "1"
    },
    "variants": {
      "colours": [],
      "hasColours": false,
      "hasSizes": false
    },
    "categories": [
      [
        {
          "name": "fragrance",
          "label": "fragrance"
        },
        {
          "name": "gift",
          "label": "gift"
        }
      ],
      [
        {
          "name": "perfume",
          "label": "fragrance > perfume"
        },
        {
          "name": "gifts for her",
          "label": "gift > gifts for her"
        }
      ],
      [
        {
          "name": "all perfumes",
          "label": "fragrance > perfume > all perfumes"
        },
        {
          "name": "amber perfume",
          "label": "fragrance > perfume > amber perfume"
        },
        {
          "name": "all perfumes",
          "label": "gift > gifts for her > all perfumes"
        }
      ]
    ],
    "reviews": {
      "average": 4.14,
      "count": 263,
      "rounded": 4
    },
    "parent": {
      "product": "1654227",
      "partNumber": "10191178.P",
      "model": "10191178",
      "manufacturerModel": "6196683"
    },
    "images": {
      "thumbnail": "https://boots.scene7.com/is/image/Boots/10191178?wid=45&hei=60&op_sharpen=1"
    },
    "offers": [
      {
        "text": "Save 15 percent on selected fragrance"
      }
    ],
    "actions": {},
    "iconUri": "https://boots.scene7.com/is/image/Boots/10191178?op_sharpen=1",
    "title": "Estée Lauder SpellBound Eau de Parfum Spray 50ml",
    "referenceUri": "/estee-lauder-spellbound-eau-de-parfum-spray-50ml-10191178",
    "canAddToBasket": "yes",
    "opticians": false,
    "inStock": true,
    "expressDelivery": false,
    "hasOtherPromotion": true,
    "channelPromotionalTextMap": {
      "-1": [
        "Save 15 percent on selected fragrance"
      ],
      "-6": [
        "Save 15 percent on selected fragrance"
      ]
    },
    "adCardPoints": 177
  },
  {
    "_id": {
      "$oid": "65ec108d9884656b92f557e6"
    },
    "ppuQuantity": "50ML",
    "pricing": {
      "perUnit": "£124.80 per 100ML",
      "regular": {
        "value": 78,
        "currency": "GBP",
        "text": "£78.00"
      },
      "current": {
        "value": 62.4,
        "currency": "GBP",
        "text": "£62.40"
      },
      "saving": {
        "value": 15.6,
        "currency": "GBP",
        "text": "£15.60"
      }
    },
    "objectId": "1277363",
    "brand": "Versace",
    "attributes": {
      "fragrance_scent": [
        "floral",
        "amber"
      ],
      "StockOverrideMessage": "STOCK_COMING_SOON",
      "size": "41-50",
      "gender": "womens",
      "parentCategory_UK": "33071",
      "fragrance_type": "eau de toilette",
      "hasPriceAdvantageDeal": false,
      "Reporting_Category": "fragrance",
      "ProductReviewFlag": "1"
    },
    "variants": {
      "colours": [],
      "hasColours": false,
      "hasSizes": false
    },
    "categories": [
      [
        {
          "name": "fragrance",
          "label": "fragrance"
        },
        {
          "name": "gift",
          "label": "gift"
        }
      ],
      [
        {
          "name": "perfume",
          "label": "fragrance > perfume"
        },
        {
          "name": "gifts for her",
          "label": "gift > gifts for her"
        }
      ],
      [
        {
          "name": "all perfumes",
          "label": "fragrance > perfume > all perfumes"
        },
        {
          "name": "floral perfume",
          "label": "fragrance > perfume > floral perfume"
        },
        {
          "name": "amber perfume",
          "label": "fragrance > perfume > amber perfume"
        },
        {
          "name": "all perfumes",
          "label": "gift > gifts for her > all perfumes"
        }
      ]
    ],
    "reviews": {
      "average": 4.85,
      "count": 33,
      "rounded": 4
    },
    "parent": {
      "product": "1277362",
      "partNumber": "10146244.P",
      "model": "10146244",
      "manufacturerModel": "4366301"
    },
    "images": {
      "thumbnail": "https://boots.scene7.com/is/image/Boots/10146244?wid=45&hei=60&op_sharpen=1"
    },
    "offers": [
      {
        "text": "Save up to 20 percent on selected fragrances"
      }
    ],
    "actions": {},
    "iconUri": "https://boots.scene7.com/is/image/Boots/10146244?op_sharpen=1",
    "title": "Versace Crystal Noir Eau de Toilette 50ml",
    "referenceUri": "/versace-crystal-noir-eau-de-toilette-50ml-10146244",
    "canAddToBasket": "yes",
    "opticians": false,
    "inStock": true,
    "expressDelivery": false,
    "hasOtherPromotion": true,
    "channelPromotionalTextMap": {
      "-1": [
        "Save up to 20 percent on selected fragrances"
      ],
      "-6": [
        "Save up to 20 percent on selected fragrances"
      ]
    },
    "adCardPoints": 186
  },
  {
    "_id": {
      "$oid": "65ec108d9884656b92f557e7"
    },
    "ppuQuantity": "50ML",
    "pricing": {
      "perUnit": "£91.80 per 100ML",
      "regular": {
        "value": 54,
        "currency": "GBP",
        "text": "£54.00"
      },
      "current": {
        "value": 45.9,
        "currency": "GBP",
        "text": "£45.90"
      },
      "saving": {
        "value": 8.1,
        "currency": "GBP",
        "text": "£8.10"
      }
    },
    "objectId": "4146",
    "brand": "Clinique",
    "attributes": {
      "fragrance_scent": [
        "floral",
        "citrus",
        "fruity"
      ],
      "size": "41-50",
      "StockOverrideMessage": "STOCK_COMING_SOON",
      "Size": [
        "50 ml",
        "50ml"
      ],
      "parentCategory_UK": "33029",
      "fragrance_type": [
        "eau de toilette",
        "eau de parfum"
      ],
      "format": "spray",
      "hasPriceAdvantageDeal": false,
      "Reporting_Category": "fragrance",
      "body_area": "body",
      "ProductReviewFlag": "1"
    },
    "variants": {
      "colours": [],
      "hasColours": false,
      "hasSizes": false
    },
    "categories": [
      [
        {
          "name": "fragrance",
          "label": "fragrance"
        },
        {
          "name": "beauty & skincare",
          "label": "beauty & skincare"
        },
        {
          "name": "toiletries",
          "label": "toiletries"
        },
        {
          "name": "gift",
          "label": "gift"
        }
      ],
      [
        {
          "name": "5* rated perfumes & aftershaves",
          "label": "fragrance > 5* rated perfumes & aftershaves"
        },
        {
          "name": "premium beauty & skincare",
          "label": "beauty & skincare > premium beauty & skincare"
        },
        {
          "name": "skincare",
          "label": "beauty & skincare > skincare"
        },
        {
          "name": "perfume",
          "label": "fragrance > perfume"
        },
        {
          "name": "skincare",
          "label": "toiletries > skincare"
        },
        {
          "name": "gifts for her",
          "label": "gift > gifts for her"
        }
      ],
      [
        {
          "name": "save up to 25% across selected premium beauty and No7",
          "label": "beauty & skincare > premium beauty & skincare > save up to 25% across selected premium beauty and No7"
        },
        {
          "name": "skin type",
          "label": "beauty & skincare > skincare > skin type"
        },
        {
          "name": "skincare ingredients",
          "label": "beauty & skincare > skincare > skincare ingredients"
        },
        {
          "name": "all perfumes",
          "label": "fragrance > perfume > all perfumes"
        },
        {
          "name": "floral perfume",
          "label": "fragrance > perfume > floral perfume"
        },
        {
          "name": "skin type",
          "label": "toiletries > skincare > skin type"
        },
        {
          "name": "skincare ingredients",
          "label": "toiletries > skincare > skincare ingredients"
        },
        {
          "name": "all perfumes",
          "label": "gift > gifts for her > all perfumes"
        }
      ]
    ],
    "reviews": {
      "average": 4.73,
      "count": 111,
      "rounded": 4
    },
    "parent": {
      "product": "4145",
      "partNumber": "10014411.P",
      "model": "10014411",
      "manufacturerModel": "3266435"
    },
    "images": {
      "thumbnail": "https://boots.scene7.com/is/image/Boots/10014411?wid=45&hei=60&op_sharpen=1"
    },
    "offers": [
      {
        "text": "Free gift when you spend £65 or more on selected Clinique - online only while stocks last"
      },
      {
        "text": "Save up to 25 percent across selected Premium Beauty"
      }
    ],
    "actions": {},
    "iconUri": "https://boots.scene7.com/is/image/Boots/10014411?op_sharpen=1",
    "title": "Clinique Happy Perfume Spray 50ml",
    "referenceUri": "/clinique-happy-perfume-spray-50ml-10014411",
    "canAddToBasket": "yes",
    "opticians": false,
    "inStock": true,
    "expressDelivery": false,
    "hasOtherPromotion": true,
    "channelPromotionalTextMap": {
      "-1": [
        "Free gift when you spend £65 or more on selected Clinique - online only while stocks last",
        "Save up to 25 percent across selected Premium Beauty"
      ],
      "-6": [
        "Free gift when you spend £65 or more on selected Clinique - online only while stocks last",
        "Save up to 25 percent across selected Premium Beauty"
      ]
    },
    "adCardPoints": 135
  },
  {
    "_id": {
      "$oid": "65ec108d9884656b92f557e8"
    },
    "ppuQuantity": "30ML",
    "pricing": {
      "perUnit": "£120.00 per 100ML",
      "regular": {
        "value": 45,
        "currency": "GBP",
        "text": "£45.00"
      },
      "current": {
        "value": 36,
        "currency": "GBP",
        "text": "£36.00"
      },
      "saving": {
        "value": 9,
        "currency": "GBP",
        "text": "£9.00"
      }
    },
    "objectId": "2915",
    "brand": "Calvin Klein",
    "attributes": {
      "fragrance_scent": [
        "amber",
        "floral",
        "aromatic"
      ],
      "StockOverrideMessage": "STOCK_COMING_SOON",
      "size": "21-30",
      "gender": "womens",
      "Size": "30ml",
      "parentCategory_UK": "33071",
      "fragrance_type": "eau de parfum",
      "hasPriceAdvantageDeal": false,
      "Reporting_Category": "fragrance",
      "ProductReviewFlag": "1"
    },
    "variants": {
      "colours": [],
      "hasColours": false,
      "hasSizes": false
    },
    "categories": [
      [
        {
          "name": "fragrance",
          "label": "fragrance"
        },
        {
          "name": "gift",
          "label": "gift"
        }
      ],
      [
        {
          "name": "5* rated perfumes & aftershaves",
          "label": "fragrance > 5* rated perfumes & aftershaves"
        },
        {
          "name": "perfume",
          "label": "fragrance > perfume"
        },
        {
          "name": "fragrance offers",
          "label": "fragrance > fragrance offers"
        },
        {
          "name": "gifts for her",
          "label": "gift > gifts for her"
        }
      ],
      [
        {
          "name": "all perfumes",
          "label": "fragrance > perfume > all perfumes"
        },
        {
          "name": "floral perfume",
          "label": "fragrance > perfume > floral perfume"
        },
        {
          "name": "amber perfume",
          "label": "fragrance > perfume > amber perfume"
        },
        {
          "name": "Save 15% on 100s of fragrances",
          "label": "fragrance > fragrance offers > Save 15% on 100s of fragrances"
        },
        {
          "name": "all perfumes",
          "label": "gift > gifts for her > all perfumes"
        }
      ]
    ],
    "reviews": {
      "average": 4.58,
      "count": 299,
      "rounded": 4
    },
    "parent": {
      "product": "2914",
      "partNumber": "10011387.P",
      "model": "10011387",
      "manufacturerModel": "4376048"
    },
    "images": {
      "thumbnail": "https://boots.scene7.com/is/image/Boots/10011387?wid=45&hei=60&op_sharpen=1"
    },
    "offers": [
      {
        "text": "Save up to 20 percent on selected fragrances"
      }
    ],
    "actions": {},
    "iconUri": "https://boots.scene7.com/is/image/Boots/10011387?op_sharpen=1",
    "title": "Calvin Klein Eternity for Women Eau de Parfum 30ml",
    "referenceUri": "/calvin-klein-eternity-eau-de-parfum-spray-30ml-10011387",
    "canAddToBasket": "yes",
    "opticians": false,
    "inStock": true,
    "expressDelivery": false,
    "hasOtherPromotion": true,
    "channelPromotionalTextMap": {
      "-1": [
        "Save up to 20 percent on selected fragrances"
      ],
      "-6": [
        "Save up to 20 percent on selected fragrances"
      ]
    },
    "adCardPoints": 108
  },
  {
    "_id": {
      "$oid": "65ec108d9884656b92f557e9"
    },
    "ppuQuantity": "100ML",
    "pricing": {
      "perUnit": "£87.20 per 100ML",
      "regular": {
        "value": 109,
        "currency": "GBP",
        "text": "£109.00"
      },
      "current": {
        "value": 87.2,
        "currency": "GBP",
        "text": "£87.20"
      },
      "saving": {
        "value": 21.8,
        "currency": "GBP",
        "text": "£21.80"
      }
    },
    "objectId": "2711671",
    "brand": "Burberry",
    "attributes": {
      "hasPriceAdvantageDeal": false,
      "StockOverrideMessage": "STOCK_COMING_SOON",
      "ProductReviewFlag": "1"
    },
    "variants": {
      "colours": [],
      "hasColours": false,
      "hasSizes": false
    },
    "categories": [
      [
        {
          "name": "men's",
          "label": "men's"
        },
        {
          "name": "toiletries",
          "label": "toiletries"
        },
        {
          "name": "fragrance",
          "label": "fragrance"
        },
        {
          "name": "gift",
          "label": "gift"
        }
      ],
      [
        {
          "name": "aftershave",
          "label": "men's > aftershave"
        },
        {
          "name": "men's toiletries",
          "label": "toiletries > men's toiletries"
        },
        {
          "name": "men's toiletries",
          "label": "men's > men's toiletries"
        },
        {
          "name": "perfume",
          "label": "fragrance > perfume"
        },
        {
          "name": "aftershave",
          "label": "fragrance > aftershave"
        },
        {
          "name": "gifts for him",
          "label": "gift > gifts for him"
        },
        {
          "name": "gifts for her",
          "label": "gift > gifts for her"
        },
        {
          "name": "5* rated perfumes & aftershaves",
          "label": "fragrance > 5* rated perfumes & aftershaves"
        }
      ],
      [
        {
          "name": "aftershave",
          "label": "toiletries > men's toiletries > aftershave"
        },
        {
          "name": "aftershave",
          "label": "men's > men's toiletries > aftershave"
        },
        {
          "name": "all perfumes",
          "label": "fragrance > perfume > all perfumes"
        },
        {
          "name": "all aftershave",
          "label": "fragrance > aftershave > all aftershave"
        },
        {
          "name": "all aftershave",
          "label": "gift > gifts for him > all aftershave"
        },
        {
          "name": "all perfumes",
          "label": "gift > gifts for her > all perfumes"
        },
        {
          "name": "all aftershave",
          "label": "men's > aftershave > all aftershave"
        }
      ],
      [
        {
          "name": "all aftershave",
          "label": "toiletries > men's toiletries > aftershave > all aftershave"
        },
        {
          "name": "all aftershave",
          "label": "men's > men's toiletries > aftershave > all aftershave"
        }
      ]
    ],
    "reviews": {
      "average": 4.5,
      "count": 2128,
      "rounded": 4
    },
    "parent": {
      "product": "2711670",
      "partNumber": "10316535.P",
      "model": "10316535",
      "manufacturerModel": "3850277"
    },
    "images": {
      "thumbnail": "https://boots.scene7.com/is/image/Boots/10316535?wid=45&hei=60&op_sharpen=1"
    },
    "offers": [
      {
        "text": "Free gift when you buy selected Burberry Hero fragrance - online only, whilst stocks last"
      },
      {
        "text": "Save up to 20 percent on selected fragrances"
      }
    ],
    "actions": {},
    "iconUri": "https://boots.scene7.com/is/image/Boots/10316535?op_sharpen=1",
    "title": "Burberry Hero for Men Eau de Parfum 100ml",
    "referenceUri": "/burberry-hero-for-men-eau-de-parfum-100ml-10316535",
    "canAddToBasket": "yes",
    "opticians": false,
    "inStock": true,
    "expressDelivery": false,
    "hasOtherPromotion": true,
    "channelPromotionalTextMap": {
      "-1": [
        "Free gift when you buy selected Burberry Hero fragrance - online only, whilst stocks last",
        "Save up to 20 percent on selected fragrances"
      ],
      "-6": [
        "Free gift when you buy selected Burberry Hero fragrance - online only, whilst stocks last",
        "Save up to 20 percent on selected fragrances"
      ]
    },
    "adCardPoints": 261
  },
  {
    "_id": {
      "$oid": "65ec108d9884656b92f557ea"
    },
    "ppuQuantity": "30ML",
    "pricing": {
      "perUnit": "£184.17 per 100ML",
      "regular": {
        "value": 65,
        "currency": "GBP",
        "text": "£65.00"
      },
      "current": {
        "value": 55.25,
        "currency": "GBP",
        "text": "£55.25"
      },
      "saving": {
        "value": 9.75,
        "currency": "GBP",
        "text": "£9.75"
      }
    },
    "objectId": "2873654",
    "brand": "Dolce & Gabbana",
    "attributes": {
      "fragrance_scent": [
        "citrus",
        "sweet"
      ],
      "product_type": "body spray",
      "StockOverrideMessage": "STOCK_COMING_SOON",
      "size": "21-30",
      "gender": "womens",
      "format": "spray",
      "fragrance_type": "eau de parfum",
      "hasPriceAdvantageDeal": false,
      "ProductReviewFlag": "1"
    },
    "variants": {
      "colours": [],
      "hasColours": false,
      "hasSizes": false
    },
    "categories": [
      [
        {
          "name": "new in",
          "label": "new in"
        },
        {
          "name": "fragrance",
          "label": "fragrance"
        },
        {
          "name": "gift",
          "label": "gift"
        }
      ],
      [
        {
          "name": "new in fragrance",
          "label": "new in > new in fragrance"
        },
        {
          "name": "perfume",
          "label": "fragrance > perfume"
        },
        {
          "name": "gifts for her",
          "label": "gift > gifts for her"
        },
        {
          "name": "new in fragrance",
          "label": "fragrance > new in fragrance"
        }
      ],
      [
        {
          "name": "all perfumes",
          "label": "fragrance > perfume > all perfumes"
        },
        {
          "name": "all perfumes",
          "label": "gift > gifts for her > all perfumes"
        }
      ]
    ],
    "reviews": {
      "average": 4.4,
      "count": 242,
      "rounded": 4
    },
    "parent": {
      "product": "2873653",
      "partNumber": "10333460.P",
      "model": "10333460",
      "manufacturerModel": "5773237"
    },
    "images": {
      "thumbnail": "https://boots.scene7.com/is/image/Boots/10333460?wid=45&hei=60&op_sharpen=1"
    },
    "offers": [
      {
        "text": "Save up to 20 percent on selected fragrances"
      }
    ],
    "actions": {},
    "iconUri": "https://boots.scene7.com/is/image/Boots/10333460?op_sharpen=1",
    "title": "Dolce&Gabbana Devotion Eau de Parfum 30ml",
    "referenceUri": "/dolceandgabbana-devotion-eau-de-parfum-30ml-10333460",
    "canAddToBasket": "yes",
    "opticians": false,
    "inStock": true,
    "expressDelivery": false,
    "hasOtherPromotion": true,
    "channelPromotionalTextMap": {
      "-1": [
        "Save up to 20 percent on selected fragrances"
      ],
      "-6": [
        "Save up to 20 percent on selected fragrances"
      ]
    },
    "adCardPoints": 165
  },
  {
    "_id": {
      "$oid": "65ec108d9884656b92f557eb"
    },
    "ppuQuantity": "8ML",
    "pricing": {
      "perUnit": "£260.00 per 100ML",
      "regular": {
        "value": 26,
        "currency": "GBP",
        "text": "£26.00"
      },
      "current": {
        "value": 20.8,
        "currency": "GBP",
        "text": "£20.80"
      },
      "saving": {
        "value": 5.2,
        "currency": "GBP",
        "text": "£5.20"
      }
    },
    "objectId": "2806115",
    "brand": "Sol de Janeiro",
    "attributes": {
      "fragrance_scent": "floral",
      "fragrance_type": "eau de parfum",
      "hasPriceAdvantageDeal": false,
      "StockOverrideMessage": "STOCK_COMING_SOON",
      "ProductReviewFlag": "1"
    },
    "variants": {
      "colours": [],
      "hasColours": false,
      "hasSizes": false
    },
    "categories": [
      [
        {
          "name": "new in",
          "label": "new in"
        },
        {
          "name": "beauty & skincare",
          "label": "beauty & skincare"
        },
        {
          "name": "fragrance",
          "label": "fragrance"
        },
        {
          "name": "gift",
          "label": "gift"
        }
      ],
      [
        {
          "name": "new in premium beauty & skincare",
          "label": "new in > new in premium beauty & skincare"
        },
        {
          "name": "premium beauty & skincare",
          "label": "beauty & skincare > premium beauty & skincare"
        },
        {
          "name": "perfume",
          "label": "fragrance > perfume"
        },
        {
          "name": "gifts for her",
          "label": "gift > gifts for her"
        },
        {
          "name": "new in beauty & skincare",
          "label": "beauty & skincare > new in beauty & skincare"
        },
        {
          "name": "new in beauty & skincare",
          "label": "new in > new in beauty & skincare"
        }
      ],
      [
        {
          "name": "save up to 25% across selected premium beauty and No7",
          "label": "beauty & skincare > premium beauty & skincare > save up to 25% across selected premium beauty and No7"
        },
        {
          "name": "new in premium beauty & skincare",
          "label": "beauty & skincare > premium beauty & skincare > new in premium beauty & skincare"
        },
        {
          "name": "all perfumes",
          "label": "fragrance > perfume > all perfumes"
        },
        {
          "name": "floral perfume",
          "label": "fragrance > perfume > floral perfume"
        },
        {
          "name": "all perfumes",
          "label": "gift > gifts for her > all perfumes"
        }
      ]
    ],
    "reviews": {
      "average": 4,
      "count": 9,
      "rounded": 4
    },
    "parent": {
      "product": "2806114",
      "partNumber": "10325642.P",
      "model": "10325642",
      "manufacturerModel": "5409969"
    },
    "images": {
      "thumbnail": "https://boots.scene7.com/is/image/Boots/10325642?wid=45&hei=60&op_sharpen=1"
    },
    "offers": [
      {
        "text": "Save up to 25 percent across selected Premium Beauty"
      }
    ],
    "actions": {},
    "iconUri": "https://boots.scene7.com/is/image/Boots/10325642?op_sharpen=1",
    "title": "Sol de Janeiro SOL Cheirosa Eau De Parfum 62 8ml",
    "referenceUri": "/sol-de-janeiro-sol-cheirosa-eau-de-parfum-62-8ml-10325642",
    "canAddToBasket": "yes",
    "opticians": false,
    "inStock": true,
    "expressDelivery": false,
    "hasOtherPromotion": true,
    "channelPromotionalTextMap": {
      "-1": [
        "Save up to 25 percent across selected Premium Beauty"
      ],
      "-6": [
        "Save up to 25 percent across selected Premium Beauty"
      ]
    },
    "adCardPoints": 60
  },
  {
    "_id": {
      "$oid": "65ec108d9884656b92f557ec"
    },
    "ppuQuantity": "100ML",
    "pricing": {
      "perUnit": "£109.65 per 100ML",
      "regular": {
        "value": 129,
        "currency": "GBP",
        "text": "£129.00"
      },
      "current": {
        "value": 109.65,
        "currency": "GBP",
        "text": "£109.65"
      },
      "saving": {
        "value": 19.35,
        "currency": "GBP",
        "text": "£19.35"
      }
    },
    "objectId": "2611025",
    "brand": "Hermes",
    "attributes": {
      "fragrance_scent": [
        "citrus",
        "vanilla",
        "woody"
      ],
      "gender": "womens",
      "size": "71-100",
      "format": "spray",
      "fragrance_type": "eau de toilette",
      "hasPriceAdvantageDeal": false,
      "Reporting_Category": "fragrance",
      "body_area": "body",
      "ProductReviewFlag": "1"
    },
    "variants": {
      "colours": [],
      "hasColours": false,
      "hasSizes": false
    },
    "categories": [
      [
        {
          "name": "fragrance",
          "label": "fragrance"
        },
        {
          "name": "gift",
          "label": "gift"
        }
      ],
      [
        {
          "name": "5* rated perfumes & aftershaves",
          "label": "fragrance > 5* rated perfumes & aftershaves"
        },
        {
          "name": "perfume",
          "label": "fragrance > perfume"
        },
        {
          "name": "gifts for her",
          "label": "gift > gifts for her"
        },
        {
          "name": "luxury fragrance",
          "label": "fragrance > luxury fragrance"
        }
      ],
      [
        {
          "name": "all perfumes",
          "label": "fragrance > perfume > all perfumes"
        },
        {
          "name": "vanilla perfume",
          "label": "fragrance > perfume > vanilla perfume"
        },
        {
          "name": "all perfumes",
          "label": "gift > gifts for her > all perfumes"
        }
      ]
    ],
    "reviews": {
      "average": 5,
      "count": 5,
      "rounded": 5
    },
    "parent": {
      "product": "2611024",
      "partNumber": "10302884.P",
      "model": "10302884",
      "manufacturerModel": "7904827"
    },
    "images": {
      "thumbnail": "https://boots.scene7.com/is/image/Boots/10302884?wid=45&hei=60&op_sharpen=1"
    },
    "offers": [
      {
        "text": "Free gift when you buy selected Hermes fragrance - online only, whilst stocks last"
      },
      {
        "text": "Save up to 20 percent on selected fragrances"
      }
    ],
    "actions": {},
    "iconUri": "https://boots.scene7.com/is/image/Boots/10302884?op_sharpen=1",
    "title": "Hermes Eau des Merveilles Eau de Toilette 100ml",
    "referenceUri": "/hermes--eau-des-merveilles-eau-de-toilette-100ml-10302884",
    "canAddToBasket": "yes",
    "opticians": false,
    "inStock": true,
    "expressDelivery": false,
    "hasOtherPromotion": true,
    "channelPromotionalTextMap": {
      "-1": [
        "Free gift when you buy selected Hermes fragrance - online only, whilst stocks last",
        "Save up to 20 percent on selected fragrances"
      ],
      "-6": [
        "Free gift when you buy selected Hermes fragrance - online only, whilst stocks last",
        "Save up to 20 percent on selected fragrances"
      ]
    },
    "adCardPoints": 327
  },
  {
    "_id": {
      "$oid": "65ec108d9884656b92f557ed"
    },
    "ppuQuantity": "30ML",
    "pricing": {
      "perUnit": "£164.33 per 100ML",
      "regular": {
        "value": 58,
        "currency": "GBP",
        "text": "£58.00"
      },
      "current": {
        "value": 49.3,
        "currency": "GBP",
        "text": "£49.30"
      },
      "saving": {
        "value": 8.7,
        "currency": "GBP",
        "text": "£8.70"
      }
    },
    "objectId": "2168426",
    "brand": "Jean Paul Gaultier",
    "attributes": {
      "fragrance_scent": "vanilla",
      "size": "21-30",
      "StockOverrideMessage": "STOCK_COMING_SOON",
      "gender": "womens",
      "fragrance_type": "eau de parfum",
      "hasPriceAdvantageDeal": false,
      "Reporting_Category": "fragrance",
      "ProductReviewFlag": "1"
    },
    "variants": {
      "colours": [],
      "hasColours": false,
      "hasSizes": false
    },
    "categories": [
      [
        {
          "name": "fragrance",
          "label": "fragrance"
        },
        {
          "name": "gift",
          "label": "gift"
        }
      ],
      [
        {
          "name": "5* rated perfumes & aftershaves",
          "label": "fragrance > 5* rated perfumes & aftershaves"
        },
        {
          "name": "perfume",
          "label": "fragrance > perfume"
        },
        {
          "name": "gifts for her",
          "label": "gift > gifts for her"
        }
      ],
      [
        {
          "name": "all perfumes",
          "label": "fragrance > perfume > all perfumes"
        },
        {
          "name": "vanilla perfume",
          "label": "fragrance > perfume > vanilla perfume"
        },
        {
          "name": "all perfumes",
          "label": "gift > gifts for her > all perfumes"
        }
      ]
    ],
    "reviews": {
      "average": 5,
      "count": 5,
      "rounded": 5
    },
    "parent": {
      "product": "2168425",
      "partNumber": "10254191.P",
      "model": "10254191",
      "manufacturerModel": "8258929"
    },
    "images": {
      "thumbnail": "https://boots.scene7.com/is/image/Boots/10254191?wid=45&hei=60&op_sharpen=1"
    },
    "offers": [
      {
        "text": "Save up to 20 percent on selected fragrances"
      }
    ],
    "actions": {},
    "iconUri": "https://boots.scene7.com/is/image/Boots/10254191?op_sharpen=1",
    "title": "Jean Paul Gaultier Classique Eau de Parfum 30ml",
    "referenceUri": "/jean-paul-gaultier-classique-eau-de-parfum-30ml-10254191",
    "canAddToBasket": "yes",
    "opticians": false,
    "inStock": true,
    "expressDelivery": false,
    "hasOtherPromotion": true,
    "channelPromotionalTextMap": {
      "-1": [
        "Save up to 20 percent on selected fragrances"
      ],
      "-6": [
        "Save up to 20 percent on selected fragrances"
      ]
    },
    "adCardPoints": 147
  },
  {
    "_id": {
      "$oid": "65ec108d9884656b92f557ee"
    },
    "ppuQuantity": "100ML",
    "pricing": {
      "perUnit": "£96.90 per 100ML",
      "regular": {
        "value": 114,
        "currency": "GBP",
        "text": "£114.00"
      },
      "current": {
        "value": 96.9,
        "currency": "GBP",
        "text": "£96.90"
      },
      "saving": {
        "value": 17.1,
        "currency": "GBP",
        "text": "£17.10"
      }
    },
    "objectId": "12738",
    "brand": "Christian Dior",
    "attributes": {
      "fragrance_scent": [
        "jasmine",
        "spicy",
        "woody"
      ],
      "size": "71-100",
      "gender": "womens",
      "StockOverrideMessage": "STOCK_COMING_SOON",
      "Size": [
        "100 ml",
        "100ml"
      ],
      "parentCategory_UK": "33071",
      "fragrance_type": "eau de toilette",
      "hasPriceAdvantageDeal": false,
      "Reporting_Category": "fragrance",
      "ProductReviewFlag": "1"
    },
    "variants": {
      "colours": [],
      "hasColours": false,
      "hasSizes": false
    },
    "categories": [
      [
        {
          "name": "fragrance",
          "label": "fragrance"
        },
        {
          "name": "gift",
          "label": "gift"
        }
      ],
      [
        {
          "name": "5* rated perfumes & aftershaves",
          "label": "fragrance > 5* rated perfumes & aftershaves"
        },
        {
          "name": "perfume",
          "label": "fragrance > perfume"
        },
        {
          "name": "fragrance offers",
          "label": "fragrance > fragrance offers"
        },
        {
          "name": "gifts for her",
          "label": "gift > gifts for her"
        }
      ],
      [
        {
          "name": "all perfumes",
          "label": "fragrance > perfume > all perfumes"
        },
        {
          "name": "save up to 20% on fragrance",
          "label": "fragrance > fragrance offers > save up to 20% on fragrance"
        },
        {
          "name": "Save 15% on 100s of fragrances",
          "label": "fragrance > fragrance offers > Save 15% on 100s of fragrances"
        },
        {
          "name": "all perfumes",
          "label": "gift > gifts for her > all perfumes"
        }
      ]
    ],
    "reviews": {
      "average": 5,
      "count": 1,
      "rounded": 5
    },
    "parent": {
      "product": "12737",
      "partNumber": "10035283.P",
      "model": "10035283",
      "manufacturerModel": "1914944"
    },
    "images": {
      "thumbnail": "https://boots.scene7.com/is/image/Boots/10035283?wid=45&hei=60&op_sharpen=1"
    },
    "offers": [
      {
        "text": "Save up to 20 percent on selected fragrances"
      }
    ],
    "actions": {},
    "iconUri": "https://boots.scene7.com/is/image/Boots/10035283?op_sharpen=1",
    "title": "DIOR Miss Dior Eau de Toilette Originale Spray 100ml",
    "referenceUri": "/miss-dior-eau-de-toilette-originale-spray-100ml-10035283",
    "canAddToBasket": "yes",
    "opticians": false,
    "inStock": true,
    "expressDelivery": false,
    "hasOtherPromotion": true,
    "channelPromotionalTextMap": {
      "-1": [
        "Save up to 20 percent on selected fragrances"
      ],
      "-6": [
        "Save up to 20 percent on selected fragrances"
      ]
    },
    "adCardPoints": 288
  },
  {
    "_id": {
      "$oid": "65ec108d9884656b92f557ef"
    },
    "ppuQuantity": "35ML",
    "pricing": {
      "perUnit": "£151.77 per 100ML",
      "regular": {
        "value": 62.5,
        "currency": "GBP",
        "text": "£62.50"
      },
      "current": {
        "value": 53.12,
        "currency": "GBP",
        "text": "£53.12"
      },
      "saving": {
        "value": 9.38,
        "currency": "GBP",
        "text": "£9.38"
      }
    },
    "objectId": "2369551",
    "brand": "Givenchy",
    "attributes": {
      "fragrance_scent": [
        "fruity",
        "floral"
      ],
      "StockOverrideMessage": "STOCK_COMING_SOON",
      "size": "31-40",
      "gender": "womens",
      "fragrance_type": "eau de parfum",
      "format": "spray",
      "hasPriceAdvantageDeal": false,
      "Reporting_Category": "fragrance",
      "ProductReviewFlag": "1"
    },
    "variants": {
      "colours": [],
      "hasColours": false,
      "hasSizes": false
    },
    "categories": [
      [
        {
          "name": "fragrance",
          "label": "fragrance"
        },
        {
          "name": "gift",
          "label": "gift"
        },
        {
          "name": "beauty & skincare",
          "label": "beauty & skincare"
        }
      ],
      [
        {
          "name": "5* rated perfumes & aftershaves",
          "label": "fragrance > 5* rated perfumes & aftershaves"
        },
        {
          "name": "perfume",
          "label": "fragrance > perfume"
        },
        {
          "name": "gifts for her",
          "label": "gift > gifts for her"
        },
        {
          "name": "beauty minis",
          "label": "beauty & skincare > beauty minis"
        }
      ],
      [
        {
          "name": "all perfumes",
          "label": "fragrance > perfume > all perfumes"
        },
        {
          "name": "floral perfume",
          "label": "fragrance > perfume > floral perfume"
        },
        {
          "name": "all perfumes",
          "label": "gift > gifts for her > all perfumes"
        }
      ]
    ],
    "reviews": {
      "average": 4.74,
      "count": 5566,
      "rounded": 4
    },
    "parent": {
      "product": "2369550",
      "partNumber": "10277304.P",
      "model": "10277304",
      "manufacturerModel": "8802009"
    },
    "images": {
      "thumbnail": "https://boots.scene7.com/is/image/Boots/10277304?wid=45&hei=60&op_sharpen=1"
    },
    "offers": [
      {
        "text": "Save up to 20 percent on selected fragrances"
      }
    ],
    "actions": {},
    "iconUri": "https://boots.scene7.com/is/image/Boots/10277304?op_sharpen=1",
    "title": "Givenchy Irresistible Eau de Parfum 35ml",
    "referenceUri": "/givenchy-irresistible-35ml-10277304",
    "canAddToBasket": "yes",
    "opticians": false,
    "inStock": true,
    "expressDelivery": false,
    "hasOtherPromotion": true,
    "channelPromotionalTextMap": {
      "-1": [
        "Save up to 20 percent on selected fragrances"
      ],
      "-6": [
        "Save up to 20 percent on selected fragrances"
      ]
    },
    "adCardPoints": 159
  },
  {
    "_id": {
      "$oid": "65ec108d9884656b92f557f0"
    },
    "ppuQuantity": "100ML",
    "pricing": {
      "perUnit": "£110.50 per 100ML",
      "regular": {
        "value": 130,
        "currency": "GBP",
        "text": "£130.00"
      },
      "current": {
        "value": 110.5,
        "currency": "GBP",
        "text": "£110.50"
      },
      "saving": {
        "value": 19.5,
        "currency": "GBP",
        "text": "£19.50"
      }
    },
    "objectId": "2501456",
    "brand": "Mugler",
    "attributes": {
      "fragrance_scent": [
        "amber",
        "sweet"
      ],
      "size": "71-100",
      "StockOverrideMessage": "STOCK_COMING_SOON",
      "gender": "womens",
      "fragrance_type": "eau de parfum",
      "hasPriceAdvantageDeal": false,
      "Reporting_Category": "fragrance",
      "ProductReviewFlag": "1"
    },
    "variants": {
      "colours": [],
      "hasColours": false,
      "hasSizes": false
    },
    "categories": [
      [
        {
          "name": "fragrance",
          "label": "fragrance"
        },
        {
          "name": "gift",
          "label": "gift"
        },
        {
          "name": "wellness",
          "label": "wellness"
        }
      ],
      [
        {
          "name": "5* rated perfumes & aftershaves",
          "label": "fragrance > 5* rated perfumes & aftershaves"
        },
        {
          "name": "perfume",
          "label": "fragrance > perfume"
        },
        {
          "name": "fragrance offers",
          "label": "fragrance > fragrance offers"
        },
        {
          "name": "gifts for her",
          "label": "gift > gifts for her"
        },
        {
          "name": "sustainability at Boots",
          "label": "wellness > sustainability at Boots"
        }
      ],
      [
        {
          "name": "all perfumes",
          "label": "fragrance > perfume > all perfumes"
        },
        {
          "name": "amber perfume",
          "label": "fragrance > perfume > amber perfume"
        },
        {
          "name": "perfume refill bottles",
          "label": "fragrance > perfume > perfume refill bottles"
        },
        {
          "name": "personalise your perfect gift",
          "label": "fragrance > fragrance offers > personalise your perfect gift"
        },
        {
          "name": "all perfumes",
          "label": "gift > gifts for her > all perfumes"
        },
        {
          "name": "reuse ready",
          "label": "wellness > sustainability at Boots > reuse ready"
        }
      ]
    ],
    "reviews": {
      "average": 4.69,
      "count": 1191,
      "rounded": 4
    },
    "parent": {
      "product": "2501455",
      "partNumber": "10292100.P",
      "model": "10292100",
      "manufacturerModel": "2781573"
    },
    "images": {
      "thumbnail": "https://boots.scene7.com/is/image/Boots/10292100?wid=45&hei=60&op_sharpen=1"
    },
    "offers": [
      {
        "text": "Save up to 20 percent on selected fragrances"
      }
    ],
    "actions": {},
    "iconUri": "https://boots.scene7.com/is/image/Boots/10292100?op_sharpen=1",
    "title": "MUGLER Angel Refillable Eau de Parfum 100ml",
    "referenceUri": "/mugler-angel-eau-de-parfum-100ml-10292100",
    "canAddToBasket": "yes",
    "opticians": false,
    "inStock": true,
    "expressDelivery": false,
    "hasOtherPromotion": true,
    "channelPromotionalTextMap": {
      "-1": [
        "Save up to 20 percent on selected fragrances"
      ],
      "-6": [
        "Save up to 20 percent on selected fragrances"
      ]
    },
    "adCardPoints": 330
  },
  {
    "_id": {
      "$oid": "65ec108d9884656b92f557f1"
    },
    "ppuQuantity": "50ML",
    "pricing": {
      "perUnit": "£156.40 per 100ML",
      "regular": {
        "value": 92,
        "currency": "GBP",
        "text": "£92.00"
      },
      "current": {
        "value": 78.2,
        "currency": "GBP",
        "text": "£78.20"
      },
      "saving": {
        "value": 13.8,
        "currency": "GBP",
        "text": "£13.80"
      }
    },
    "objectId": "1491523",
    "brand": "Viktor & Rolf",
    "attributes": {
      "fragrance_scent": [
        "floral",
        "woody",
        "citrus",
        "fruity",
        "amber",
        "jasmine"
      ],
      "size": "41-50",
      "StockOverrideMessage": "STOCK_COMING_SOON",
      "gender": "womens",
      "Size": "50ml",
      "parentCategory_UK": "33071",
      "fragrance_type": "eau de parfum",
      "hasPriceAdvantageDeal": false,
      "Reporting_Category": "fragrance",
      "ProductReviewFlag": "1"
    },
    "variants": {
      "colours": [],
      "hasColours": false,
      "hasSizes": false
    },
    "categories": [
      [
        {
          "name": "fragrance",
          "label": "fragrance"
        },
        {
          "name": "gift",
          "label": "gift"
        }
      ],
      [
        {
          "name": "perfume",
          "label": "fragrance > perfume"
        },
        {
          "name": "fragrance offers",
          "label": "fragrance > fragrance offers"
        },
        {
          "name": "gifts for her",
          "label": "gift > gifts for her"
        }
      ],
      [
        {
          "name": "all perfumes",
          "label": "fragrance > perfume > all perfumes"
        },
        {
          "name": "floral perfume",
          "label": "fragrance > perfume > floral perfume"
        },
        {
          "name": "amber perfume",
          "label": "fragrance > perfume > amber perfume"
        },
        {
          "name": "Save 15% on 100s of fragrances",
          "label": "fragrance > fragrance offers > Save 15% on 100s of fragrances"
        },
        {
          "name": "all perfumes",
          "label": "gift > gifts for her > all perfumes"
        }
      ]
    ],
    "reviews": {
      "average": 4.69,
      "count": 2020,
      "rounded": 4
    },
    "parent": {
      "product": "1491522",
      "partNumber": "10176818.P",
      "model": "10176818",
      "manufacturerModel": "1912143"
    },
    "images": {
      "thumbnail": "https://boots.scene7.com/is/image/Boots/10176818?wid=45&hei=60&op_sharpen=1"
    },
    "offers": [
      {
        "text": "Save up to 20 percent on selected fragrances"
      }
    ],
    "actions": {},
    "iconUri": "https://boots.scene7.com/is/image/Boots/10176818?op_sharpen=1",
    "title": "Viktor & Rolf Bonbon Eau de Parfum 50ml",
    "referenceUri": "/viktor-and-rolf-bonbon-eau-de-parfum-50ml-10176818",
    "canAddToBasket": "yes",
    "opticians": false,
    "inStock": true,
    "expressDelivery": false,
    "hasOtherPromotion": true,
    "channelPromotionalTextMap": {
      "-1": [
        "Save up to 20 percent on selected fragrances"
      ],
      "-6": [
        "Save up to 20 percent on selected fragrances"
      ]
    },
    "adCardPoints": 234
  },
  {
    "_id": {
      "$oid": "65ec108d9884656b92f557f2"
    },
    "ppuQuantity": "20ML",
    "pricing": {
      "perUnit": "£178.50 per 100ML",
      "regular": {
        "value": 42,
        "currency": "GBP",
        "text": "£42.00"
      },
      "current": {
        "value": 35.7,
        "currency": "GBP",
        "text": "£35.70"
      },
      "saving": {
        "value": 6.3,
        "currency": "GBP",
        "text": "£6.30"
      }
    },
    "objectId": "2104429",
    "brand": "Christian Dior",
    "attributes": {
      "fragrance_scent": [
        "musk",
        "floral"
      ],
      "size": "11-20",
      "gender": "womens",
      "StockOverrideMessage": "STOCK_COMING_SOON",
      "fragrance_type": "eau de parfum",
      "hasPriceAdvantageDeal": false,
      "ProductReviewFlag": "1"
    },
    "variants": {
      "colours": [],
      "hasColours": false,
      "hasSizes": false
    },
    "categories": [
      [
        {
          "name": "fragrance",
          "label": "fragrance"
        },
        {
          "name": "gift",
          "label": "gift"
        }
      ],
      [
        {
          "name": "perfume",
          "label": "fragrance > perfume"
        },
        {
          "name": "fragrance offers",
          "label": "fragrance > fragrance offers"
        },
        {
          "name": "gifts for her",
          "label": "gift > gifts for her"
        }
      ],
      [
        {
          "name": "all perfumes",
          "label": "fragrance > perfume > all perfumes"
        },
        {
          "name": "musky perfume",
          "label": "fragrance > perfume > musky perfume"
        },
        {
          "name": "floral perfume",
          "label": "fragrance > perfume > floral perfume"
        },
        {
          "name": "Save 15% on 100s of fragrances",
          "label": "fragrance > fragrance offers > Save 15% on 100s of fragrances"
        },
        {
          "name": "all perfumes",
          "label": "gift > gifts for her > all perfumes"
        }
      ]
    ],
    "reviews": {
      "average": 4.63,
      "count": 4814,
      "rounded": 4
    },
    "parent": {
      "product": "2104428",
      "partNumber": "10244979.P",
      "model": "10244979",
      "manufacturerModel": "8076235"
    },
    "images": {
      "thumbnail": "https://boots.scene7.com/is/image/Boots/10244979?wid=45&hei=60&op_sharpen=1"
    },
    "offers": [
      {
        "text": "Save up to 20 percent on selected fragrances"
      }
    ],
    "actions": {},
    "iconUri": "https://boots.scene7.com/is/image/Boots/10244979?op_sharpen=1",
    "title": "DIOR Miss Dior Blooming Bouquet Roller-Pearl 20ml",
    "referenceUri": "/miss-dior-blooming-bouquet-eau-de-toilette-roller-pearl-20ml-10244979",
    "canAddToBasket": "yes",
    "opticians": false,
    "inStock": true,
    "expressDelivery": false,
    "hasOtherPromotion": true,
    "channelPromotionalTextMap": {
      "-1": [
        "Save up to 20 percent on selected fragrances"
      ],
      "-6": [
        "Save up to 20 percent on selected fragrances"
      ]
    },
    "adCardPoints": 105
  },
  {
    "_id": {
      "$oid": "65ec108d9884656b92f557f3"
    },
    "ppuQuantity": "50ML",
    "pricing": {
      "perUnit": "£105.40 per 100ML",
      "regular": {
        "value": 62,
        "currency": "GBP",
        "text": "£62.00"
      },
      "current": {
        "value": 52.7,
        "currency": "GBP",
        "text": "£52.70"
      },
      "saving": {
        "value": 9.3,
        "currency": "GBP",
        "text": "£9.30"
      }
    },
    "objectId": "2694843",
    "brand": "Liz Earle",
    "attributes": {
      "fragrance_scent": "floral",
      "size": "41-50",
      "StockOverrideMessage": "STOCK_COMING_SOON",
      "fragrance_type": "eau de parfum",
      "hasPriceAdvantageDeal": false,
      "ProductReviewFlag": "1"
    },
    "variants": {
      "colours": [],
      "hasColours": false,
      "hasSizes": false
    },
    "categories": [
      [
        {
          "name": "fragrance",
          "label": "fragrance"
        },
        {
          "name": "gift",
          "label": "gift"
        }
      ],
      [
        {
          "name": "5* rated perfumes & aftershaves",
          "label": "fragrance > 5* rated perfumes & aftershaves"
        },
        {
          "name": "perfume",
          "label": "fragrance > perfume"
        },
        {
          "name": "gifts for her",
          "label": "gift > gifts for her"
        },
        {
          "name": "brands",
          "label": "fragrance > brands"
        }
      ],
      [
        {
          "name": "all perfumes",
          "label": "fragrance > perfume > all perfumes"
        },
        {
          "name": "all perfumes",
          "label": "gift > gifts for her > all perfumes"
        }
      ]
    ],
    "reviews": {
      "average": 4.6,
      "count": 70,
      "rounded": 4
    },
    "parent": {
      "product": "2694842",
      "partNumber": "10314625.P",
      "model": "10314625",
      "manufacturerModel": "3379213"
    },
    "images": {
      "thumbnail": "https://boots.scene7.com/is/image/Boots/10314625?wid=45&hei=60&op_sharpen=1"
    },
    "offers": [
      {
        "text": "Use code LIZEARLE10 to save £10 when you spend £30 on selected Liz Earle - online only"
      },
      {
        "text": "Save up to 25 percent across selected Premium Beauty"
      }
    ],
    "actions": {},
    "iconUri": "https://boots.scene7.com/is/image/Boots/10314625?op_sharpen=1",
    "title": "Liz Earle Botanical Essence™ No.1 Eau de Parfum 50ml",
    "referenceUri": "/liz-earle-botanical-essence%E2%84%A2-no1-eau-de-parfum-50ml-10314625",
    "canAddToBasket": "yes",
    "opticians": false,
    "inStock": true,
    "expressDelivery": false,
    "hasOtherPromotion": true,
    "channelPromotionalTextMap": {
      "-1": [
        "Use code LIZEARLE10 to save £10 when you spend £30 on selected Liz Earle - online only",
        "Save up to 25 percent across selected Premium Beauty"
      ],
      "-6": [
        "Use code LIZEARLE10 to save £10 when you spend £30 on selected Liz Earle - online only",
        "Save up to 25 percent across selected Premium Beauty"
      ]
    },
    "adCardPoints": 156
  },
  {
    "_id": {
      "$oid": "65ec108d9884656b92f557f4"
    },
    "ppuQuantity": "50ML",
    "pricing": {
      "perUnit": "£150.40 per 100ML",
      "regular": {
        "value": 94,
        "currency": "GBP",
        "text": "£94.00"
      },
      "current": {
        "value": 75.2,
        "currency": "GBP",
        "text": "£75.20"
      },
      "saving": {
        "value": 18.8,
        "currency": "GBP",
        "text": "£18.80"
      }
    },
    "objectId": "2841698",
    "brand": "Burberry",
    "attributes": {
      "fragrance_scent": "fruity",
      "gender": "womens",
      "StockOverrideMessage": "STOCK_COMING_SOON",
      "size": "41-50",
      "fragrance_type": "eau de parfum",
      "format": "spray",
      "recipient": "gifts for women",
      "hasPriceAdvantageDeal": false,
      "Reporting_Category": "fragrance",
      "gift_type": "fragrance gifts",
      "ProductReviewFlag": "1"
    },
    "variants": {
      "colours": [],
      "hasColours": false,
      "hasSizes": false
    },
    "categories": [
      [
        {
          "name": "fragrance",
          "label": "fragrance"
        },
        {
          "name": "gift",
          "label": "gift"
        },
        {
          "name": "new in",
          "label": "new in"
        }
      ],
      [
        {
          "name": "perfume",
          "label": "fragrance > perfume"
        },
        {
          "name": "gifts for her",
          "label": "gift > gifts for her"
        },
        {
          "name": "new in fragrance",
          "label": "fragrance > new in fragrance"
        },
        {
          "name": "5* rated perfumes & aftershaves",
          "label": "fragrance > 5* rated perfumes & aftershaves"
        },
        {
          "name": "elixir fragrances",
          "label": "fragrance > elixir fragrances"
        },
        {
          "name": "new in fragrance",
          "label": "new in > new in fragrance"
        }
      ],
      [
        {
          "name": "all perfumes",
          "label": "fragrance > perfume > all perfumes"
        },
        {
          "name": "all perfumes",
          "label": "gift > gifts for her > all perfumes"
        }
      ]
    ],
    "reviews": {
      "average": 4.59,
      "count": 2262,
      "rounded": 4
    },
    "parent": {
      "product": "2841697",
      "partNumber": "10329054.P",
      "model": "10329054",
      "manufacturerModel": "5581230"
    },
    "images": {
      "thumbnail": "https://boots.scene7.com/is/image/Boots/10329054?wid=45&hei=60&op_sharpen=1"
    },
    "offers": [
      {
        "text": "Save up to 20 percent on selected fragrances"
      }
    ],
    "actions": {},
    "iconUri": "https://boots.scene7.com/is/image/Boots/10329054?op_sharpen=1",
    "title": "Burberry Her for Women Elixir de Parfum 50ml",
    "referenceUri": "/burberry-her-elixir-eau-de-parfum-for-women-50ml-10329054",
    "canAddToBasket": "yes",
    "opticians": false,
    "inStock": true,
    "expressDelivery": false,
    "hasOtherPromotion": true,
    "channelPromotionalTextMap": {
      "-1": [
        "Save up to 20 percent on selected fragrances"
      ],
      "-6": [
        "Save up to 20 percent on selected fragrances"
      ]
    },
    "adCardPoints": 225
  },
  {
    "_id": {
      "$oid": "65ec108d9884656b92f557f5"
    },
    "ppuQuantity": "100ML",
    "pricing": {
      "perUnit": "£99.45 per 100ML",
      "regular": {
        "value": 117,
        "currency": "GBP",
        "text": "£117.00"
      },
      "current": {
        "value": 99.45,
        "currency": "GBP",
        "text": "£99.45"
      },
      "saving": {
        "value": 17.55,
        "currency": "GBP",
        "text": "£17.55"
      }
    },
    "objectId": "2779235",
    "brand": "Christian Dior",
    "attributes": {
      "fragrance_scent": "floral",
      "StockOverrideMessage": "STOCK_COMING_SOON",
      "size": "71-100",
      "gender": "womens",
      "fragrance_type": "eau de toilette",
      "hasPriceAdvantageDeal": false,
      "ProductReviewFlag": "1"
    },
    "variants": {
      "colours": [],
      "hasColours": false,
      "hasSizes": false
    },
    "categories": [
      [
        {
          "name": "fragrance",
          "label": "fragrance"
        },
        {
          "name": "gift",
          "label": "gift"
        }
      ],
      [
        {
          "name": "perfume",
          "label": "fragrance > perfume"
        },
        {
          "name": "gifts for her",
          "label": "gift > gifts for her"
        }
      ],
      [
        {
          "name": "all perfumes",
          "label": "fragrance > perfume > all perfumes"
        },
        {
          "name": "floral perfume",
          "label": "fragrance > perfume > floral perfume"
        },
        {
          "name": "all perfumes",
          "label": "gift > gifts for her > all perfumes"
        }
      ]
    ],
    "reviews": {
      "average": 4.51,
      "count": 90,
      "rounded": 4
    },
    "parent": {
      "product": "2779234",
      "partNumber": "10322786.P",
      "model": "10322786",
      "manufacturerModel": "5266874"
    },
    "images": {
      "thumbnail": "https://boots.scene7.com/is/image/Boots/10322786?wid=45&hei=60&op_sharpen=1"
    },
    "offers": [
      {
        "text": "Save up to 20 percent on selected fragrances"
      }
    ],
    "actions": {},
    "iconUri": "https://boots.scene7.com/is/image/Boots/10322786?op_sharpen=1",
    "title": "DIOR Miss Dior Blooming Bouquet Eau de Toilette 100ml",
    "referenceUri": "/dior-miss-dior-blooming-bouquet-eau-de-toilette-100ml-10322786",
    "canAddToBasket": "yes",
    "opticians": false,
    "inStock": true,
    "expressDelivery": false,
    "hasOtherPromotion": true,
    "channelPromotionalTextMap": {
      "-1": [
        "Save up to 20 percent on selected fragrances"
      ],
      "-6": [
        "Save up to 20 percent on selected fragrances"
      ]
    },
    "adCardPoints": 297
  },
  {
    "_id": {
      "$oid": "65ec108d9884656b92f557f6"
    },
    "ppuQuantity": "50ML",
    "pricing": {
      "perUnit": "£90.66 per 100ML",
      "regular": {
        "value": 68,
        "currency": "GBP",
        "text": "£68.00"
      },
      "current": {
        "value": 45.33,
        "currency": "GBP",
        "text": "£45.33"
      },
      "saving": {
        "value": 22.67,
        "currency": "GBP",
        "text": "£22.67"
      }
    },
    "objectId": "1825063",
    "brand": "Versace",
    "attributes": {
      "fragrance_scent": [
        "woody",
        "floral"
      ],
      "gender": "womens",
      "size": "41-50",
      "StockOverrideMessage": "STOCK_COMING_SOON",
      "parentCategory_UK": "33071",
      "fragrance_type": "eau de toilette",
      "hasPriceAdvantageDeal": false,
      "Reporting_Category": "fragrance",
      "ProductReviewFlag": "1"
    },
    "variants": {
      "colours": [],
      "hasColours": false,
      "hasSizes": false
    },
    "categories": [
      [
        {
          "name": "fragrance",
          "label": "fragrance"
        },
        {
          "name": "gift",
          "label": "gift"
        }
      ],
      [
        {
          "name": "5* rated perfumes & aftershaves",
          "label": "fragrance > 5* rated perfumes & aftershaves"
        },
        {
          "name": "perfume",
          "label": "fragrance > perfume"
        },
        {
          "name": "fragrance offers",
          "label": "fragrance > fragrance offers"
        },
        {
          "name": "gifts for her",
          "label": "gift > gifts for her"
        }
      ],
      [
        {
          "name": "all perfumes",
          "label": "fragrance > perfume > all perfumes"
        },
        {
          "name": "floral perfume",
          "label": "fragrance > perfume > floral perfume"
        },
        {
          "name": "save up to half price",
          "label": "fragrance > fragrance offers > save up to half price"
        },
        {
          "name": "save up to 20% on fragrance",
          "label": "fragrance > fragrance offers > save up to 20% on fragrance"
        },
        {
          "name": "all perfumes",
          "label": "gift > gifts for her > all perfumes"
        }
      ]
    ],
    "reviews": {
      "average": 4.5,
      "count": 6,
      "rounded": 4
    },
    "parent": {
      "product": "1825062",
      "partNumber": "10213185.P",
      "model": "10213185",
      "manufacturerModel": "6520189"
    },
    "images": {
      "thumbnail": "https://boots.scene7.com/is/image/Boots/10213185?wid=45&hei=60&op_sharpen=1"
    },
    "offers": [
      {
        "text": "Save up to 1/2 price on selected fragrances"
      }
    ],
    "actions": {},
    "iconUri": "https://boots.scene7.com/is/image/Boots/10213185?op_sharpen=1",
    "title": "Versace Eros Pour Femme Eau de Toilette Spray 50ml",
    "referenceUri": "/versace-eros-femme-eau-de-toilette-spray-50ml-10213185",
    "canAddToBasket": "yes",
    "opticians": false,
    "inStock": true,
    "expressDelivery": false,
    "hasOtherPromotion": true,
    "channelPromotionalTextMap": {
      "-1": [
        "Save up to 1/2 price on selected fragrances"
      ],
      "-6": [
        "Save up to 1/2 price on selected fragrances"
      ]
    },
    "adCardPoints": 135
  },
  {
    "_id": {
      "$oid": "65ec108d9884656b92f557f7"
    },
    "ppuQuantity": "30ML",
    "pricing": {
      "perUnit": "£110.00 per 100ML",
      "regular": {
        "value": 33,
        "currency": "GBP",
        "text": "£33.00"
      },
      "current": {
        "value": 33,
        "currency": "GBP",
        "text": "£33.00"
      }
    },
    "objectId": "2719603",
    "brand": "Ariana Grande",
    "attributes": {
      "fragrance_scent": "musk",
      "fragrance_type": "eau de parfum",
      "hasPriceAdvantageDeal": false,
      "StockOverrideMessage": "STOCK_COMING_SOON",
      "ProductReviewFlag": "1"
    },
    "variants": {
      "colours": [],
      "hasColours": false,
      "hasSizes": false
    },
    "categories": [
      [
        {
          "name": "fragrance",
          "label": "fragrance"
        },
        {
          "name": "gift",
          "label": "gift"
        }
      ],
      [
        {
          "name": "perfume",
          "label": "fragrance > perfume"
        },
        {
          "name": "gifts for her",
          "label": "gift > gifts for her"
        },
        {
          "name": "celebrity fragrance",
          "label": "fragrance > celebrity fragrance"
        },
        {
          "name": "brands",
          "label": "fragrance > brands"
        },
        {
          "name": "5* rated perfumes & aftershaves",
          "label": "fragrance > 5* rated perfumes & aftershaves"
        }
      ],
      [
        {
          "name": "all perfumes",
          "label": "fragrance > perfume > all perfumes"
        },
        {
          "name": "vanilla perfume",
          "label": "fragrance > perfume > vanilla perfume"
        },
        {
          "name": "all perfumes",
          "label": "gift > gifts for her > all perfumes"
        }
      ]
    ],
    "reviews": {
      "average": 3.92,
      "count": 12,
      "rounded": 3
    },
    "parent": {
      "product": "2719602",
      "partNumber": "10317365.P",
      "model": "10317365",
      "manufacturerModel": "4150074"
    },
    "images": {
      "thumbnail": "https://boots.scene7.com/is/image/Boots/10317365?wid=45&hei=60&op_sharpen=1"
    },
    "offers": [],
    "actions": {},
    "iconUri": "https://boots.scene7.com/is/image/Boots/10317365?op_sharpen=1",
    "title": "Ariana Grande MOD Vanilla Eau de Parfum 30ml",
    "referenceUri": "/ariana-grande-mod-vanilla-eau-de-parfum-30ml-10317365",
    "canAddToBasket": "yes",
    "opticians": false,
    "inStock": true,
    "expressDelivery": false,
    "hasOtherPromotion": false,
    "channelPromotionalTextMap": {
      "-1": [],
      "-6": []
    },
    "adCardPoints": 99
  },
  {
    "_id": {
      "$oid": "65ec108d9884656b92f557f8"
    },
    "ppuQuantity": "50ML",
    "pricing": {
      "perUnit": "£124.80 per 100ML",
      "regular": {
        "value": 78,
        "currency": "GBP",
        "text": "£78.00"
      },
      "current": {
        "value": 62.4,
        "currency": "GBP",
        "text": "£62.40"
      },
      "saving": {
        "value": 15.6,
        "currency": "GBP",
        "text": "£15.60"
      }
    },
    "objectId": "2806117",
    "brand": "Sol de Janeiro",
    "attributes": {
      "fragrance_scent": "floral",
      "fragrance_type": "eau de parfum",
      "hasPriceAdvantageDeal": false,
      "StockOverrideMessage": "STOCK_COMING_SOON",
      "ProductReviewFlag": "1"
    },
    "variants": {
      "colours": [],
      "hasColours": false,
      "hasSizes": false
    },
    "categories": [
      [
        {
          "name": "new in",
          "label": "new in"
        },
        {
          "name": "beauty & skincare",
          "label": "beauty & skincare"
        },
        {
          "name": "fragrance",
          "label": "fragrance"
        },
        {
          "name": "gift",
          "label": "gift"
        }
      ],
      [
        {
          "name": "new in premium beauty & skincare",
          "label": "new in > new in premium beauty & skincare"
        },
        {
          "name": "premium beauty & skincare",
          "label": "beauty & skincare > premium beauty & skincare"
        },
        {
          "name": "perfume",
          "label": "fragrance > perfume"
        },
        {
          "name": "gifts for her",
          "label": "gift > gifts for her"
        },
        {
          "name": "new in beauty & skincare",
          "label": "beauty & skincare > new in beauty & skincare"
        },
        {
          "name": "new in beauty & skincare",
          "label": "new in > new in beauty & skincare"
        }
      ],
      [
        {
          "name": "save up to 25% across selected premium beauty and No7",
          "label": "beauty & skincare > premium beauty & skincare > save up to 25% across selected premium beauty and No7"
        },
        {
          "name": "new in premium beauty & skincare",
          "label": "beauty & skincare > premium beauty & skincare > new in premium beauty & skincare"
        },
        {
          "name": "all perfumes",
          "label": "fragrance > perfume > all perfumes"
        },
        {
          "name": "floral perfume",
          "label": "fragrance > perfume > floral perfume"
        },
        {
          "name": "all perfumes",
          "label": "gift > gifts for her > all perfumes"
        }
      ]
    ],
    "reviews": {
      "average": 3.27,
      "count": 11,
      "rounded": 3
    },
    "parent": {
      "product": "2806116",
      "partNumber": "10325643.P",
      "model": "10325643",
      "manufacturerModel": "5409977"
    },
    "images": {
      "thumbnail": "https://boots.scene7.com/is/image/Boots/10325643?wid=45&hei=60&op_sharpen=1"
    },
    "offers": [
      {
        "text": "Save up to 25 percent across selected Premium Beauty"
      }
    ],
    "actions": {},
    "iconUri": "https://boots.scene7.com/is/image/Boots/10325643?op_sharpen=1",
    "title": "Sol de Janeiro SOL Cheirosa EDP 62 50ml",
    "referenceUri": "/sol-de-janeiro-sol-cheirosa-edp-62-50ml-10325643",
    "canAddToBasket": "yes",
    "opticians": false,
    "inStock": true,
    "expressDelivery": false,
    "hasOtherPromotion": true,
    "channelPromotionalTextMap": {
      "-1": [
        "Save up to 25 percent across selected Premium Beauty"
      ],
      "-6": [
        "Save up to 25 percent across selected Premium Beauty"
      ]
    },
    "adCardPoints": 186
  },
  {
    "_id": {
      "$oid": "65ec108d9884656b92f557f9"
    },
    "ppuQuantity": "90ML",
    "pricing": {
      "perUnit": "£118.06 per 100ML",
      "regular": {
        "value": 125,
        "currency": "GBP",
        "text": "£125.00"
      },
      "current": {
        "value": 106.25,
        "currency": "GBP",
        "text": "£106.25"
      },
      "saving": {
        "value": 18.75,
        "currency": "GBP",
        "text": "£18.75"
      }
    },
    "objectId": "2513017",
    "brand": "Mugler",
    "attributes": {
      "fragrance_scent": [
        "floral",
        "woody",
        "jasmine"
      ],
      "size": "71-100",
      "gender": "womens",
      "StockOverrideMessage": "STOCK_COMING_SOON",
      "fragrance_type": "eau de parfum",
      "hasPriceAdvantageDeal": false,
      "Reporting_Category": "fragrance",
      "ProductReviewFlag": "1"
    },
    "variants": {
      "colours": [],
      "hasColours": false,
      "hasSizes": false
    },
    "categories": [
      [
        {
          "name": "gift",
          "label": "gift"
        },
        {
          "name": "fragrance",
          "label": "fragrance"
        },
        {
          "name": "wellness",
          "label": "wellness"
        }
      ],
      [
        {
          "name": "all gifts",
          "label": "gift > all gifts"
        },
        {
          "name": "perfume",
          "label": "fragrance > perfume"
        },
        {
          "name": "fragrance offers",
          "label": "fragrance > fragrance offers"
        },
        {
          "name": "recommended",
          "label": "fragrance > recommended"
        },
        {
          "name": "gifts for her",
          "label": "gift > gifts for her"
        },
        {
          "name": "sustainability at Boots",
          "label": "wellness > sustainability at Boots"
        },
        {
          "name": "5* rated perfumes & aftershaves",
          "label": "fragrance > 5* rated perfumes & aftershaves"
        }
      ],
      [
        {
          "name": "all perfumes",
          "label": "fragrance > perfume > all perfumes"
        },
        {
          "name": "floral perfume",
          "label": "fragrance > perfume > floral perfume"
        },
        {
          "name": "perfume refill bottles",
          "label": "fragrance > perfume > perfume refill bottles"
        },
        {
          "name": "personalise your perfect gift",
          "label": "fragrance > fragrance offers > personalise your perfect gift"
        },
        {
          "name": "best floral perfumes",
          "label": "fragrance > recommended > best floral perfumes"
        },
        {
          "name": "all perfumes",
          "label": "gift > gifts for her > all perfumes"
        },
        {
          "name": "reuse ready",
          "label": "wellness > sustainability at Boots > reuse ready"
        }
      ]
    ],
    "reviews": {
      "average": 4.77,
      "count": 1773,
      "rounded": 4
    },
    "parent": {
      "product": "2513016",
      "partNumber": "10292980.P",
      "model": "10292980",
      "manufacturerModel": "3028550"
    },
    "images": {
      "thumbnail": "https://boots.scene7.com/is/image/Boots/10292980?wid=45&hei=60&op_sharpen=1"
    },
    "offers": [
      {
        "text": "Free gift when you buy selected Mugler - whilst stocks last"
      },
      {
        "text": "Save up to 20 percent on selected fragrances"
      }
    ],
    "actions": {},
    "iconUri": "https://boots.scene7.com/is/image/Boots/10292980?op_sharpen=1",
    "title": "MUGLER Alien Refillable Eau de Parfum 90ml",
    "referenceUri": "/mugler-alien-eau-de-parfum-90ml-refillable-spray-10292980",
    "canAddToBasket": "yes",
    "opticians": false,
    "inStock": true,
    "expressDelivery": false,
    "hasOtherPromotion": true,
    "channelPromotionalTextMap": {
      "-1": [
        "Free gift when you buy selected Mugler - whilst stocks last",
        "Save up to 20 percent on selected fragrances"
      ],
      "-6": [
        "Free gift when you buy selected Mugler - whilst stocks last",
        "Save up to 20 percent on selected fragrances"
      ]
    },
    "adCardPoints": 318
  },
  {
    "_id": {
      "$oid": "65ec108d9884656b92f557fa"
    },
    "ppuQuantity": "30ML",
    "pricing": {
      "perUnit": "£237.33 per 100ML",
      "regular": {
        "value": 89,
        "currency": "GBP",
        "text": "£89.00"
      },
      "current": {
        "value": 71.2,
        "currency": "GBP",
        "text": "£71.20"
      },
      "saving": {
        "value": 17.8,
        "currency": "GBP",
        "text": "£17.80"
      }
    },
    "objectId": "2929115",
    "brand": "Hugo Boss",
    "attributes": {
      "fragrance_scent": "amber",
      "product_type": "body spray",
      "gender": "womens",
      "StockOverrideMessage": "STOCK_COMING_SOON",
      "size": "21-30",
      "fragrance_type": "parfum",
      "format": "spray",
      "hasPriceAdvantageDeal": false,
      "ProductReviewFlag": "1"
    },
    "variants": {
      "colours": [],
      "hasColours": false,
      "hasSizes": false
    },
    "categories": [
      [
        {
          "name": "fragrance",
          "label": "fragrance"
        },
        {
          "name": "gift",
          "label": "gift"
        },
        {
          "name": "new in",
          "label": "new in"
        }
      ],
      [
        {
          "name": "perfume",
          "label": "fragrance > perfume"
        },
        {
          "name": "gifts for her",
          "label": "gift > gifts for her"
        },
        {
          "name": "luxury fragrance",
          "label": "fragrance > luxury fragrance"
        },
        {
          "name": "new in fragrance",
          "label": "fragrance > new in fragrance"
        },
        {
          "name": "elixir fragrances",
          "label": "fragrance > elixir fragrances"
        },
        {
          "name": "new in fragrance",
          "label": "new in > new in fragrance"
        }
      ],
      [
        {
          "name": "solid perfume",
          "label": "fragrance > perfume > solid perfume"
        },
        {
          "name": "all perfumes",
          "label": "fragrance > perfume > all perfumes"
        },
        {
          "name": "amber perfume",
          "label": "fragrance > perfume > amber perfume"
        },
        {
          "name": "all perfumes",
          "label": "gift > gifts for her > all perfumes"
        }
      ]
    ],
    "reviews": {
      "average": 4.75,
      "count": 142,
      "rounded": 4
    },
    "parent": {
      "product": "2929114",
      "partNumber": "10339720.P",
      "model": "10339720",
      "manufacturerModel": "2218437"
    },
    "images": {
      "thumbnail": "https://boots.scene7.com/is/image/Boots/10339720?wid=45&hei=60&op_sharpen=1"
    },
    "offers": [
      {
        "text": "Save up to 20 percent on selected fragrances"
      }
    ],
    "actions": {},
    "iconUri": "https://boots.scene7.com/is/image/Boots/10339720?op_sharpen=1",
    "title": "BOSS The Scent for Her Elixir Parfum Intense 30ml ",
    "referenceUri": "/boss-the-scent-for-her-elixir-parfum-intense-30ml-10339720",
    "canAddToBasket": "yes",
    "opticians": false,
    "inStock": true,
    "expressDelivery": false,
    "hasOtherPromotion": true,
    "channelPromotionalTextMap": {
      "-1": [
        "Save up to 20 percent on selected fragrances"
      ],
      "-6": [
        "Save up to 20 percent on selected fragrances"
      ]
    },
    "adCardPoints": 213
  },
  {
    "_id": {
      "$oid": "65ec108d9884656b92f557fb"
    },
    "ppuQuantity": "60ML",
    "pricing": {
      "perUnit": "£81.67 per 100ML",
      "regular": {
        "value": 59,
        "currency": "GBP",
        "text": "£59.00"
      },
      "current": {
        "value": 49,
        "currency": "GBP",
        "text": "£49.00"
      },
      "saving": {
        "value": 10,
        "currency": "GBP",
        "text": "£10.00"
      }
    },
    "objectId": "2566052",
    "brand": "Kate Spade",
    "attributes": {
      "fragrance_scent": [
        "floral",
        "citrus"
      ],
      "size": "51-70",
      "StockOverrideMessage": "STOCK_COMING_SOON",
      "fragrance_type": "eau de parfum",
      "hasPriceAdvantageDeal": false,
      "Reporting_Category": "fragrance",
      "ProductReviewFlag": "1"
    },
    "variants": {
      "colours": [],
      "hasColours": false,
      "hasSizes": false
    },
    "categories": [
      [
        {
          "name": "fragrance",
          "label": "fragrance"
        },
        {
          "name": "gift",
          "label": "gift"
        }
      ],
      [
        {
          "name": "5* rated perfumes & aftershaves",
          "label": "fragrance > 5* rated perfumes & aftershaves"
        },
        {
          "name": "perfume",
          "label": "fragrance > perfume"
        },
        {
          "name": "fragrance offers",
          "label": "fragrance > fragrance offers"
        },
        {
          "name": "gifts for her",
          "label": "gift > gifts for her"
        }
      ],
      [
        {
          "name": "all perfumes",
          "label": "fragrance > perfume > all perfumes"
        },
        {
          "name": "floral perfume",
          "label": "fragrance > perfume > floral perfume"
        },
        {
          "name": "save up to half price",
          "label": "fragrance > fragrance offers > save up to half price"
        },
        {
          "name": "all perfumes",
          "label": "gift > gifts for her > all perfumes"
        }
      ]
    ],
    "reviews": {
      "average": 4.75,
      "count": 276,
      "rounded": 4
    },
    "parent": {
      "product": "2566051",
      "partNumber": "10298553.P",
      "model": "10298553",
      "manufacturerModel": "4792351"
    },
    "images": {
      "thumbnail": "https://boots.scene7.com/is/image/Boots/10298553?wid=45&hei=60&op_sharpen=1"
    },
    "offers": [
      {
        "text": "Save up to 1/2 price on selected fragrances"
      }
    ],
    "actions": {},
    "iconUri": "https://boots.scene7.com/is/image/Boots/10298553?op_sharpen=1",
    "title": "Kate Spade New York Eau de Parfum 60ml",
    "referenceUri": "/kate-spade-new-york-eau-de-parfum-60ml-10298553",
    "canAddToBasket": "yes",
    "opticians": false,
    "inStock": true,
    "expressDelivery": false,
    "hasOtherPromotion": true,
    "channelPromotionalTextMap": {
      "-1": [
        "Save up to 1/2 price on selected fragrances"
      ],
      "-6": [
        "Save up to 1/2 price on selected fragrances"
      ]
    },
    "adCardPoints": 147
  },
  {
    "_id": {
      "$oid": "65ec108d9884656b92f557fc"
    },
    "ppuQuantity": "100ML",
    "pricing": {
      "perUnit": "£110.50 per 100ML",
      "regular": {
        "value": 130,
        "currency": "GBP",
        "text": "£130.00"
      },
      "current": {
        "value": 110.5,
        "currency": "GBP",
        "text": "£110.50"
      },
      "saving": {
        "value": 19.5,
        "currency": "GBP",
        "text": "£19.50"
      }
    },
    "objectId": "2314557",
    "brand": "Valentino",
    "attributes": {
      "fragrance_scent": [
        "floral",
        "woody",
        "amber",
        "jasmine",
        "vanilla"
      ],
      "StockOverrideMessage": "STOCK_COMING_SOON",
      "gender": "womens",
      "size": "71-100",
      "format": "spray",
      "fragrance_type": "eau de parfum",
      "hasPriceAdvantageDeal": false,
      "Reporting_Category": "fragrance",
      "ProductReviewFlag": "1"
    },
    "variants": {
      "colours": [],
      "hasColours": false,
      "hasSizes": false
    },
    "categories": [
      [
        {
          "name": "fragrance",
          "label": "fragrance"
        },
        {
          "name": "gift",
          "label": "gift"
        }
      ],
      [
        {
          "name": "recommended",
          "label": "fragrance > recommended"
        },
        {
          "name": "perfume",
          "label": "fragrance > perfume"
        },
        {
          "name": "fragrance offers",
          "label": "fragrance > fragrance offers"
        },
        {
          "name": "gifts for her",
          "label": "gift > gifts for her"
        },
        {
          "name": "5* rated perfumes & aftershaves",
          "label": "fragrance > 5* rated perfumes & aftershaves"
        }
      ],
      [
        {
          "name": "all perfumes",
          "label": "fragrance > perfume > all perfumes"
        },
        {
          "name": "vanilla perfume",
          "label": "fragrance > perfume > vanilla perfume"
        },
        {
          "name": "floral perfume",
          "label": "fragrance > perfume > floral perfume"
        },
        {
          "name": "amber perfume",
          "label": "fragrance > perfume > amber perfume"
        },
        {
          "name": "Save 15% on 100s of fragrances",
          "label": "fragrance > fragrance offers > Save 15% on 100s of fragrances"
        },
        {
          "name": "trending fragrance",
          "label": "fragrance > recommended > trending fragrance"
        },
        {
          "name": "all perfumes",
          "label": "gift > gifts for her > all perfumes"
        }
      ]
    ],
    "reviews": {
      "average": 4.74,
      "count": 1125,
      "rounded": 4
    },
    "parent": {
      "product": "2314556",
      "partNumber": "10269820.P",
      "model": "10269820",
      "manufacturerModel": "8638683"
    },
    "images": {
      "thumbnail": "https://boots.scene7.com/is/image/Boots/10269820?wid=45&hei=60&op_sharpen=1"
    },
    "offers": [
      {
        "text": "Save up to 20 percent on selected fragrances"
      }
    ],
    "actions": {},
    "iconUri": "https://boots.scene7.com/is/image/Boots/10269820?op_sharpen=1",
    "title": "Valentino Donna Born In Roma Eau de Parfum 100ml",
    "referenceUri": "/valentino-donna-born-in-roma-edp-100ml-10269820",
    "canAddToBasket": "yes",
    "opticians": false,
    "inStock": true,
    "expressDelivery": false,
    "hasOtherPromotion": true,
    "channelPromotionalTextMap": {
      "-1": [
        "Save up to 20 percent on selected fragrances"
      ],
      "-6": [
        "Save up to 20 percent on selected fragrances"
      ]
    },
    "adCardPoints": 330
  },
  {
    "_id": {
      "$oid": "65ec108d9884656b92f557fd"
    },
    "ppuQuantity": "50ML",
    "pricing": {
      "perUnit": "£139.40 per 100ML",
      "regular": {
        "value": 82,
        "currency": "GBP",
        "text": "£82.00"
      },
      "current": {
        "value": 69.7,
        "currency": "GBP",
        "text": "£69.70"
      },
      "saving": {
        "value": 12.3,
        "currency": "GBP",
        "text": "£12.30"
      }
    },
    "objectId": "1807892",
    "brand": "Christian Dior",
    "attributes": {
      "fragrance_scent": [
        "citrus",
        "floral"
      ],
      "gender": "womens",
      "StockOverrideMessage": "STOCK_COMING_SOON",
      "size": "41-50",
      "parentCategory_UK": "33071",
      "fragrance_type": "eau de toilette",
      "hasPriceAdvantageDeal": false,
      "Reporting_Category": "fragrance",
      "ProductReviewFlag": "1"
    },
    "variants": {
      "colours": [],
      "hasColours": false,
      "hasSizes": false
    },
    "categories": [
      [
        {
          "name": "fragrance",
          "label": "fragrance"
        },
        {
          "name": "gift",
          "label": "gift"
        }
      ],
      [
        {
          "name": "5* rated perfumes & aftershaves",
          "label": "fragrance > 5* rated perfumes & aftershaves"
        },
        {
          "name": "perfume",
          "label": "fragrance > perfume"
        },
        {
          "name": "fragrance offers",
          "label": "fragrance > fragrance offers"
        },
        {
          "name": "gifts for her",
          "label": "gift > gifts for her"
        }
      ],
      [
        {
          "name": "all perfumes",
          "label": "fragrance > perfume > all perfumes"
        },
        {
          "name": "floral perfume",
          "label": "fragrance > perfume > floral perfume"
        },
        {
          "name": "Save 15% on 100s of fragrances",
          "label": "fragrance > fragrance offers > Save 15% on 100s of fragrances"
        },
        {
          "name": "all perfumes",
          "label": "gift > gifts for her > all perfumes"
        }
      ]
    ],
    "reviews": {
      "average": 4.7,
      "count": 43,
      "rounded": 4
    },
    "parent": {
      "product": "1807891",
      "partNumber": "10211917.P",
      "model": "10211917",
      "manufacturerModel": "6522076"
    },
    "images": {
      "thumbnail": "https://boots.scene7.com/is/image/Boots/10211917?wid=45&hei=60&op_sharpen=1"
    },
    "offers": [
      {
        "text": "Save up to 20 percent on selected fragrances"
      }
    ],
    "actions": {},
    "iconUri": "https://boots.scene7.com/is/image/Boots/10211917?op_sharpen=1",
    "title": "DIOR J'adore Eau de Toilette Spray 50ml",
    "referenceUri": "/dior-jadore-lumiere-eau-de-toilette-spray-50ml-10211917",
    "canAddToBasket": "yes",
    "opticians": false,
    "inStock": true,
    "expressDelivery": false,
    "hasOtherPromotion": true,
    "channelPromotionalTextMap": {
      "-1": [
        "Save up to 20 percent on selected fragrances"
      ],
      "-6": [
        "Save up to 20 percent on selected fragrances"
      ]
    },
    "adCardPoints": 207
  },
  {
    "_id": {
      "$oid": "65ec108d9884656b92f557fe"
    },
    "ppuQuantity": "30ML",
    "pricing": {
      "perUnit": "£175.67 per 100ML",
      "regular": {
        "value": 62,
        "currency": "GBP",
        "text": "£62.00"
      },
      "current": {
        "value": 52.7,
        "currency": "GBP",
        "text": "£52.70"
      },
      "saving": {
        "value": 9.3,
        "currency": "GBP",
        "text": "£9.30"
      }
    },
    "objectId": "1234665",
    "brand": "Prada",
    "attributes": {
      "fragrance_scent": [
        "sweet",
        "spicy",
        "musk",
        "amber"
      ],
      "size": "41-50",
      "gender": "womens",
      "StockOverrideMessage": "SOLD_OUT",
      "Size": "30ml",
      "parentCategory_UK": "33071",
      "fragrance_type": "eau de parfum",
      "hasPriceAdvantageDeal": false,
      "Reporting_Category": "fragrance",
      "ProductReviewFlag": "1"
    },
    "variants": {
      "colours": [],
      "hasColours": false,
      "hasSizes": false
    },
    "categories": [
      [
        {
          "name": "fragrance",
          "label": "fragrance"
        },
        {
          "name": "gift",
          "label": "gift"
        }
      ],
      [
        {
          "name": "perfume",
          "label": "fragrance > perfume"
        },
        {
          "name": "gifts for her",
          "label": "gift > gifts for her"
        }
      ],
      [
        {
          "name": "all perfumes",
          "label": "fragrance > perfume > all perfumes"
        },
        {
          "name": "musky perfume",
          "label": "fragrance > perfume > musky perfume"
        },
        {
          "name": "amber perfume",
          "label": "fragrance > perfume > amber perfume"
        },
        {
          "name": "all perfumes",
          "label": "gift > gifts for her > all perfumes"
        }
      ]
    ],
    "reviews": {
      "average": 4.7,
      "count": 4101,
      "rounded": 4
    },
    "parent": {
      "product": "1234664",
      "partNumber": "10132494.P",
      "model": "10132494",
      "manufacturerModel": "4253590"
    },
    "images": {
      "thumbnail": "https://boots.scene7.com/is/image/Boots/10132494?wid=45&hei=60&op_sharpen=1"
    },
    "offers": [
      {
        "text": "Save up to 20 percent on selected fragrances"
      }
    ],
    "actions": {},
    "iconUri": "https://boots.scene7.com/is/image/Boots/10132494?op_sharpen=1",
    "title": "Prada Candy Eau de Parfum 30ml",
    "referenceUri": "/prada-candy-eau-de-parfum-30ml",
    "canAddToBasket": "yes",
    "opticians": false,
    "inStock": true,
    "expressDelivery": false,
    "hasOtherPromotion": true,
    "channelPromotionalTextMap": {
      "-1": [
        "Save up to 20 percent on selected fragrances"
      ],
      "-6": [
        "Save up to 20 percent on selected fragrances"
      ]
    },
    "adCardPoints": 156
  },
  {
    "_id": {
      "$oid": "65ec108d9884656b92f557ff"
    },
    "ppuQuantity": "50ML",
    "pricing": {
      "perUnit": "£161.50 per 100ML",
      "regular": {
        "value": 95,
        "currency": "GBP",
        "text": "£95.00"
      },
      "current": {
        "value": 80.75,
        "currency": "GBP",
        "text": "£80.75"
      },
      "saving": {
        "value": 14.25,
        "currency": "GBP",
        "text": "£14.25"
      }
    },
    "objectId": "2501454",
    "brand": "Mugler",
    "attributes": {
      "fragrance_scent": [
        "vanilla",
        "amber",
        "fruity"
      ],
      "gender": "womens",
      "StockOverrideMessage": "STOCK_COMING_SOON",
      "size": "41-50",
      "fragrance_type": "eau de parfum",
      "hasPriceAdvantageDeal": false,
      "Reporting_Category": "fragrance",
      "ProductReviewFlag": "1"
    },
    "variants": {
      "colours": [],
      "hasColours": false,
      "hasSizes": false
    },
    "categories": [
      [
        {
          "name": "gift",
          "label": "gift"
        },
        {
          "name": "fragrance",
          "label": "fragrance"
        },
        {
          "name": "wellness",
          "label": "wellness"
        }
      ],
      [
        {
          "name": "all gifts",
          "label": "gift > all gifts"
        },
        {
          "name": "perfume",
          "label": "fragrance > perfume"
        },
        {
          "name": "fragrance offers",
          "label": "fragrance > fragrance offers"
        },
        {
          "name": "gifts for her",
          "label": "gift > gifts for her"
        },
        {
          "name": "sustainability at Boots",
          "label": "wellness > sustainability at Boots"
        }
      ],
      [
        {
          "name": "all perfumes",
          "label": "fragrance > perfume > all perfumes"
        },
        {
          "name": "vanilla perfume",
          "label": "fragrance > perfume > vanilla perfume"
        },
        {
          "name": "amber perfume",
          "label": "fragrance > perfume > amber perfume"
        },
        {
          "name": "perfume refill bottles",
          "label": "fragrance > perfume > perfume refill bottles"
        },
        {
          "name": "personalise your perfect gift",
          "label": "fragrance > fragrance offers > personalise your perfect gift"
        },
        {
          "name": "all perfumes",
          "label": "gift > gifts for her > all perfumes"
        },
        {
          "name": "reuse ready",
          "label": "wellness > sustainability at Boots > reuse ready"
        }
      ]
    ],
    "reviews": {
      "average": 4.69,
      "count": 1180,
      "rounded": 4
    },
    "parent": {
      "product": "2501453",
      "partNumber": "10292099.P",
      "model": "10292099",
      "manufacturerModel": "2781557"
    },
    "images": {
      "thumbnail": "https://boots.scene7.com/is/image/Boots/10292099?wid=45&hei=60&op_sharpen=1"
    },
    "offers": [
      {
        "text": "Save up to 20 percent on selected fragrances"
      }
    ],
    "actions": {},
    "iconUri": "https://boots.scene7.com/is/image/Boots/10292099?op_sharpen=1",
    "title": "MUGLER Angel Refillable Eau de Parfum 50ml",
    "referenceUri": "/mugler-angel-eau-de-parfum-50ml-10292099",
    "canAddToBasket": "yes",
    "opticians": false,
    "inStock": true,
    "expressDelivery": false,
    "hasOtherPromotion": true,
    "channelPromotionalTextMap": {
      "-1": [
        "Save up to 20 percent on selected fragrances"
      ],
      "-6": [
        "Save up to 20 percent on selected fragrances"
      ]
    },
    "adCardPoints": 240
  },
  {
    "_id": {
      "$oid": "65ec108d9884656b92f55800"
    },
    "ppuQuantity": "100ML",
    "pricing": {
      "perUnit": "£28.66 per 100ML",
      "regular": {
        "value": 43,
        "currency": "GBP",
        "text": "£43.00"
      },
      "current": {
        "value": 28.66,
        "currency": "GBP",
        "text": "£28.66"
      },
      "saving": {
        "value": 14.34,
        "currency": "GBP",
        "text": "£14.34"
      }
    },
    "objectId": "2459419",
    "brand": "Jennifer Lopez",
    "attributes": {
      "fragrance_scent": "musk",
      "size": "71-100",
      "gender": "womens",
      "StockOverrideMessage": "STOCK_COMING_SOON",
      "format": "spray",
      "fragrance_type": "eau de parfum",
      "hasPriceAdvantageDeal": false,
      "Reporting_Category": "fragrance",
      "ProductReviewFlag": "1"
    },
    "variants": {
      "colours": [],
      "hasColours": false,
      "hasSizes": false
    },
    "categories": [
      [
        {
          "name": "fragrance",
          "label": "fragrance"
        },
        {
          "name": "gift",
          "label": "gift"
        }
      ],
      [
        {
          "name": "5* rated perfumes & aftershaves",
          "label": "fragrance > 5* rated perfumes & aftershaves"
        },
        {
          "name": "perfume",
          "label": "fragrance > perfume"
        },
        {
          "name": "fragrance offers",
          "label": "fragrance > fragrance offers"
        },
        {
          "name": "gifts for her",
          "label": "gift > gifts for her"
        },
        {
          "name": "celebrity fragrance",
          "label": "fragrance > celebrity fragrance"
        }
      ],
      [
        {
          "name": "all perfumes",
          "label": "fragrance > perfume > all perfumes"
        },
        {
          "name": "musky perfume",
          "label": "fragrance > perfume > musky perfume"
        },
        {
          "name": "save up to half price",
          "label": "fragrance > fragrance offers > save up to half price"
        },
        {
          "name": "all perfumes",
          "label": "gift > gifts for her > all perfumes"
        }
      ]
    ],
    "reviews": {
      "average": 4.69,
      "count": 29,
      "rounded": 4
    },
    "parent": {
      "product": "2459418",
      "partNumber": "10288744.P",
      "model": "10288744",
      "manufacturerModel": "8866007"
    },
    "images": {
      "thumbnail": "https://boots.scene7.com/is/image/Boots/10288744?wid=45&hei=60&op_sharpen=1"
    },
    "offers": [
      {
        "text": "Save up to 1/2 price on selected fragrances"
      }
    ],
    "actions": {},
    "iconUri": "https://boots.scene7.com/is/image/Boots/10288744?op_sharpen=1",
    "title": "Jennifer Lopez Enduring Glow Eau de Parfum 100ml",
    "referenceUri": "/jennifer-lopez-enduring-glow-eau-de-parfum-10288744",
    "canAddToBasket": "yes",
    "opticians": false,
    "inStock": true,
    "expressDelivery": false,
    "hasOtherPromotion": true,
    "channelPromotionalTextMap": {
      "-1": [
        "Save up to 1/2 price on selected fragrances"
      ],
      "-6": [
        "Save up to 1/2 price on selected fragrances"
      ]
    },
    "adCardPoints": 84
  },
  {
    "_id": {
      "$oid": "65ec108d9884656b92f55801"
    },
    "ppuQuantity": "50ML",
    "pricing": {
      "perUnit": "£155.38 per 100ML",
      "regular": {
        "value": 91.4,
        "currency": "GBP",
        "text": "£91.40"
      },
      "current": {
        "value": 77.69,
        "currency": "GBP",
        "text": "£77.69"
      },
      "saving": {
        "value": 13.71,
        "currency": "GBP",
        "text": "£13.71"
      }
    },
    "objectId": "2687145",
    "brand": "Jean Paul Gaultier",
    "attributes": {
      "fragrance_scent": "floral",
      "gender": "womens",
      "size": "41-50",
      "StockOverrideMessage": "STOCK_COMING_SOON",
      "fragrance_type": "parfum",
      "hasPriceAdvantageDeal": false,
      "Reporting_Category": "fragrance",
      "ProductReviewFlag": "1"
    },
    "variants": {
      "colours": [],
      "hasColours": false,
      "hasSizes": false
    },
    "categories": [
      [
        {
          "name": "new in",
          "label": "new in"
        },
        {
          "name": "fragrance",
          "label": "fragrance"
        },
        {
          "name": "gift",
          "label": "gift"
        }
      ],
      [
        {
          "name": "perfume",
          "label": "fragrance > perfume"
        },
        {
          "name": "gifts for her",
          "label": "gift > gifts for her"
        },
        {
          "name": "luxury fragrance",
          "label": "fragrance > luxury fragrance"
        },
        {
          "name": "brands",
          "label": "fragrance > brands"
        },
        {
          "name": "5* rated perfumes & aftershaves",
          "label": "fragrance > 5* rated perfumes & aftershaves"
        }
      ],
      [
        {
          "name": "all perfumes",
          "label": "fragrance > perfume > all perfumes"
        },
        {
          "name": "vanilla perfume",
          "label": "fragrance > perfume > vanilla perfume"
        },
        {
          "name": "all perfumes",
          "label": "gift > gifts for her > all perfumes"
        }
      ]
    ],
    "reviews": {
      "average": 4.65,
      "count": 512,
      "rounded": 4
    },
    "parent": {
      "product": "2687144",
      "partNumber": "10313408.P",
      "model": "10313408",
      "manufacturerModel": "3068196"
    },
    "images": {
      "thumbnail": "https://boots.scene7.com/is/image/Boots/10313408?wid=45&hei=60&op_sharpen=1"
    },
    "offers": [
      {
        "text": "Save up to 20 percent on selected fragrances"
      }
    ],
    "actions": {},
    "iconUri": "https://boots.scene7.com/is/image/Boots/10313408?op_sharpen=1",
    "title": "Jean Paul Gaultier Scandal Le Parfum 50ml",
    "referenceUri": "/jean-paul-gaultier-scandal-le-parfum-50ml-10313408",
    "canAddToBasket": "yes",
    "opticians": false,
    "inStock": true,
    "expressDelivery": false,
    "hasOtherPromotion": true,
    "channelPromotionalTextMap": {
      "-1": [
        "Save up to 20 percent on selected fragrances"
      ],
      "-6": [
        "Save up to 20 percent on selected fragrances"
      ]
    },
    "adCardPoints": 231
  },
  {
    "_id": {
      "$oid": "65ec108d9884656b92f55802"
    },
    "ppuQuantity": "100ML",
    "pricing": {
      "perUnit": "£90.95 per 100ML",
      "regular": {
        "value": 107,
        "currency": "GBP",
        "text": "£107.00"
      },
      "current": {
        "value": 90.95,
        "currency": "GBP",
        "text": "£90.95"
      },
      "saving": {
        "value": 16.05,
        "currency": "GBP",
        "text": "£16.05"
      }
    },
    "objectId": "2342223",
    "brand": "Christian Dior",
    "attributes": {
      "fragrance_scent": "floral",
      "StockOverrideMessage": "STOCK_COMING_SOON",
      "size": "41-50",
      "gender": "womens",
      "fragrance_type": "eau de toilette",
      "format": "spray",
      "hasPriceAdvantageDeal": false,
      "Reporting_Category": "fragrance",
      "ProductReviewFlag": "1"
    },
    "variants": {
      "colours": [],
      "hasColours": false,
      "hasSizes": false
    },
    "categories": [
      [
        {
          "name": "fragrance",
          "label": "fragrance"
        },
        {
          "name": "gift",
          "label": "gift"
        }
      ],
      [
        {
          "name": "5* rated perfumes & aftershaves",
          "label": "fragrance > 5* rated perfumes & aftershaves"
        },
        {
          "name": "perfume",
          "label": "fragrance > perfume"
        },
        {
          "name": "fragrance offers",
          "label": "fragrance > fragrance offers"
        },
        {
          "name": "gifts for her",
          "label": "gift > gifts for her"
        }
      ],
      [
        {
          "name": "all perfumes",
          "label": "fragrance > perfume > all perfumes"
        },
        {
          "name": "floral perfume",
          "label": "fragrance > perfume > floral perfume"
        },
        {
          "name": "Save 15% on 100s of fragrances",
          "label": "fragrance > fragrance offers > Save 15% on 100s of fragrances"
        },
        {
          "name": "all perfumes",
          "label": "gift > gifts for her > all perfumes"
        }
      ]
    ],
    "reviews": {
      "average": 4.64,
      "count": 346,
      "rounded": 4
    },
    "parent": {
      "product": "2342222",
      "partNumber": "10273566.P",
      "model": "10273566",
      "manufacturerModel": "8734399"
    },
    "images": {
      "thumbnail": "https://boots.scene7.com/is/image/Boots/10273566?wid=45&hei=60&op_sharpen=1"
    },
    "offers": [
      {
        "text": "Save up to 20 percent on selected fragrances"
      }
    ],
    "actions": {},
    "iconUri": "https://boots.scene7.com/is/image/Boots/10273566?op_sharpen=1",
    "title": "DIOR Miss Dior Rose N'Roses Eau de Toilette 100ml",
    "referenceUri": "/miss-dior-rose-n-roses-eau-de-toilette-100ml-10273566",
    "canAddToBasket": "yes",
    "opticians": false,
    "inStock": true,
    "expressDelivery": false,
    "hasOtherPromotion": true,
    "channelPromotionalTextMap": {
      "-1": [
        "Save up to 20 percent on selected fragrances"
      ],
      "-6": [
        "Save up to 20 percent on selected fragrances"
      ]
    },
    "adCardPoints": 270
  },
  {
    "_id": {
      "$oid": "65ec108d9884656b92f55803"
    },
    "ppuQuantity": "50ML",
    "pricing": {
      "perUnit": "£142.80 per 100ML",
      "regular": {
        "value": 84,
        "currency": "GBP",
        "text": "£84.00"
      },
      "current": {
        "value": 71.4,
        "currency": "GBP",
        "text": "£71.40"
      },
      "saving": {
        "value": 12.6,
        "currency": "GBP",
        "text": "£12.60"
      }
    },
    "objectId": "32741",
    "brand": "Dolce & Gabbana",
    "attributes": {
      "fragrance_scent": [
        "floral",
        "vanilla",
        "jasmine",
        "amber",
        "fruity"
      ],
      "StockOverrideMessage": "STOCK_COMING_SOON",
      "size": "41-50",
      "gender": "womens",
      "Size": [
        "50ml",
        "50 ml"
      ],
      "parentCategory_UK": "33071",
      "fragrance_type": [
        "eau de toilette",
        "eau de parfum"
      ],
      "hasPriceAdvantageDeal": false,
      "Reporting_Category": "fragrance",
      "ProductReviewFlag": "1"
    },
    "variants": {
      "colours": [],
      "hasColours": false,
      "hasSizes": false
    },
    "categories": [
      [
        {
          "name": "gift",
          "label": "gift"
        },
        {
          "name": "fragrance",
          "label": "fragrance"
        }
      ],
      [
        {
          "name": "Eid gifts",
          "label": "gift > Eid gifts"
        },
        {
          "name": "perfume",
          "label": "fragrance > perfume"
        },
        {
          "name": "fragrance offers",
          "label": "fragrance > fragrance offers"
        },
        {
          "name": "gifts for her",
          "label": "gift > gifts for her"
        }
      ],
      [
        {
          "name": "all perfumes",
          "label": "fragrance > perfume > all perfumes"
        },
        {
          "name": "vanilla perfume",
          "label": "fragrance > perfume > vanilla perfume"
        },
        {
          "name": "floral perfume",
          "label": "fragrance > perfume > floral perfume"
        },
        {
          "name": "amber perfume",
          "label": "fragrance > perfume > amber perfume"
        },
        {
          "name": "Collect £10 worth of points when you spend £60",
          "label": "fragrance > fragrance offers > Collect £10 worth of points when you spend £60"
        },
        {
          "name": "save up to 20% on fragrance",
          "label": "fragrance > fragrance offers > save up to 20% on fragrance"
        },
        {
          "name": "all perfumes",
          "label": "gift > gifts for her > all perfumes"
        }
      ]
    ],
    "reviews": {
      "average": 4.62,
      "count": 100,
      "rounded": 4
    },
    "parent": {
      "product": "32740",
      "partNumber": "10059806.P",
      "model": "10059806",
      "manufacturerModel": "5072271"
    },
    "images": {
      "thumbnail": "https://boots.scene7.com/is/image/Boots/10059806?wid=45&hei=60&op_sharpen=1"
    },
    "offers": [
      {
        "text": "Save up to 20 percent on selected fragrances"
      }
    ],
    "actions": {},
    "iconUri": "https://boots.scene7.com/is/image/Boots/10059806?op_sharpen=1",
    "title": "Dolce&Gabbana The One Eau de Parfum 50ml",
    "referenceUri": "/dolce-and-gabbana-the-one-eau-de-parfum-50ml-10059806",
    "canAddToBasket": "yes",
    "opticians": false,
    "inStock": true,
    "expressDelivery": false,
    "hasOtherPromotion": true,
    "channelPromotionalTextMap": {
      "-1": [
        "Save up to 20 percent on selected fragrances"
      ],
      "-6": [
        "Save up to 20 percent on selected fragrances"
      ]
    },
    "adCardPoints": 213
  },
  {
    "_id": {
      "$oid": "65ec108d9884656b92f55804"
    },
    "ppuQuantity": "50ML",
    "pricing": {
      "perUnit": "£85.00 per 100ML",
      "regular": {
        "value": 61,
        "currency": "GBP",
        "text": "£61.00"
      },
      "current": {
        "value": 42.5,
        "currency": "GBP",
        "text": "£42.50"
      },
      "saving": {
        "value": 18.5,
        "currency": "GBP",
        "text": "£18.50"
      }
    },
    "objectId": "29988",
    "brand": "Hugo Boss",
    "attributes": {
      "fragrance_scent": [
        "woody",
        "floral"
      ],
      "StockOverrideMessage": "STOCK_COMING_SOON",
      "gender": "womens",
      "size": "41-50",
      "Size": [
        "100 ml",
        "50ml"
      ],
      "parentCategory_UK": "33071",
      "fragrance_type": "eau de parfum",
      "recipient": "gifts for women",
      "hasPriceAdvantageDeal": false,
      "Reporting_Category": "fragrance",
      "gift_type": "fragrance gifts",
      "ProductReviewFlag": "1"
    },
    "variants": {
      "colours": [],
      "hasColours": false,
      "hasSizes": false
    },
    "categories": [
      [
        {
          "name": "fragrance",
          "label": "fragrance"
        },
        {
          "name": "gift",
          "label": "gift"
        }
      ],
      [
        {
          "name": "5* rated perfumes & aftershaves",
          "label": "fragrance > 5* rated perfumes & aftershaves"
        },
        {
          "name": "perfume",
          "label": "fragrance > perfume"
        },
        {
          "name": "fragrance offers",
          "label": "fragrance > fragrance offers"
        },
        {
          "name": "gifts for her",
          "label": "gift > gifts for her"
        }
      ],
      [
        {
          "name": "all perfumes",
          "label": "fragrance > perfume > all perfumes"
        },
        {
          "name": "floral perfume",
          "label": "fragrance > perfume > floral perfume"
        },
        {
          "name": "save up to 60 percent",
          "label": "fragrance > fragrance offers > save up to 60 percent"
        },
        {
          "name": "save up to 20% on fragrance",
          "label": "fragrance > fragrance offers > save up to 20% on fragrance"
        },
        {
          "name": "all perfumes",
          "label": "gift > gifts for her > all perfumes"
        }
      ]
    ],
    "reviews": {
      "average": 4.61,
      "count": 104,
      "rounded": 4
    },
    "parent": {
      "product": "29987",
      "partNumber": "10057366.P",
      "model": "10057366",
      "manufacturerModel": "2034441"
    },
    "images": {
      "thumbnail": "https://boots.scene7.com/is/image/Boots/10057366?wid=45&hei=60&op_sharpen=1"
    },
    "offers": [
      {
        "text": "Save up to 1/2 price on selected fragrances"
      }
    ],
    "actions": {},
    "iconUri": "https://boots.scene7.com/is/image/Boots/10057366?op_sharpen=1",
    "title": "BOSS Femme for Her Eau de Parfum 50ml",
    "referenceUri": "/boss-femme-eau-de-parfum-50ml-10057366",
    "canAddToBasket": "yes",
    "opticians": false,
    "inStock": true,
    "expressDelivery": false,
    "hasOtherPromotion": true,
    "channelPromotionalTextMap": {
      "-1": [
        "Save up to 1/2 price on selected fragrances"
      ],
      "-6": [
        "Save up to 1/2 price on selected fragrances"
      ]
    },
    "adCardPoints": 126
  },
  {
    "_id": {
      "$oid": "65ec108d9884656b92f55805"
    },
    "ppuQuantity": "50ML",
    "pricing": {
      "perUnit": "£145.60 per 100ML",
      "regular": {
        "value": 91,
        "currency": "GBP",
        "text": "£91.00"
      },
      "current": {
        "value": 72.8,
        "currency": "GBP",
        "text": "£72.80"
      },
      "saving": {
        "value": 18.2,
        "currency": "GBP",
        "text": "£18.20"
      }
    },
    "objectId": "2177421",
    "brand": "Burberry",
    "attributes": {
      "fragrance_scent": [
        "jasmine",
        "musk",
        "fruity"
      ],
      "StockOverrideMessage": "STOCK_COMING_SOON",
      "gender": "womens",
      "size": "41-50",
      "recipient": "gifts for women",
      "fragrance_type": "eau de parfum",
      "hasPriceAdvantageDeal": false,
      "Reporting_Category": "fragrance",
      "gift_type": "fragrance gifts",
      "ProductReviewFlag": "1"
    },
    "variants": {
      "colours": [],
      "hasColours": false,
      "hasSizes": false
    },
    "categories": [
      [
        {
          "name": "fragrance",
          "label": "fragrance"
        },
        {
          "name": "gift",
          "label": "gift"
        }
      ],
      [
        {
          "name": "fragrance offers",
          "label": "fragrance > fragrance offers"
        },
        {
          "name": "perfume",
          "label": "fragrance > perfume"
        },
        {
          "name": "gifts for her",
          "label": "gift > gifts for her"
        }
      ],
      [
        {
          "name": "all perfumes",
          "label": "fragrance > perfume > all perfumes"
        },
        {
          "name": "musky perfume",
          "label": "fragrance > perfume > musky perfume"
        },
        {
          "name": "Save 15% on 100s of fragrances",
          "label": "fragrance > fragrance offers > Save 15% on 100s of fragrances"
        },
        {
          "name": "all perfumes",
          "label": "gift > gifts for her > all perfumes"
        }
      ]
    ],
    "reviews": {
      "average": 4.6,
      "count": 2334,
      "rounded": 4
    },
    "parent": {
      "product": "2177420",
      "partNumber": "10255508.P",
      "model": "10255508",
      "manufacturerModel": "8313377"
    },
    "images": {
      "thumbnail": "https://boots.scene7.com/is/image/Boots/10255508?wid=45&hei=60&op_sharpen=1"
    },
    "offers": [
      {
        "text": "Save up to 20 percent on selected fragrances"
      }
    ],
    "actions": {},
    "iconUri": "https://boots.scene7.com/is/image/Boots/10255508?op_sharpen=1",
    "title": "Burberry Her for Women Eau de Parfum 50ml",
    "referenceUri": "/burberry-her-eau-de-parfum-50ml-10255508",
    "canAddToBasket": "yes",
    "opticians": false,
    "inStock": true,
    "expressDelivery": false,
    "hasOtherPromotion": true,
    "channelPromotionalTextMap": {
      "-1": [
        "Save up to 20 percent on selected fragrances"
      ],
      "-6": [
        "Save up to 20 percent on selected fragrances"
      ]
    },
    "adCardPoints": 216
  },
  {
    "_id": {
      "$oid": "65ec108d9884656b92f55806"
    },
    "ppuQuantity": "100ML",
    "pricing": {
      "perUnit": "£36.00 per 100ML",
      "regular": {
        "value": 64,
        "currency": "GBP",
        "text": "£64.00"
      },
      "current": {
        "value": 36,
        "currency": "GBP",
        "text": "£36.00"
      },
      "saving": {
        "value": 28,
        "currency": "GBP",
        "text": "£28.00"
      }
    },
    "objectId": "2981",
    "brand": "Davidoff",
    "attributes": {
      "fragrance_scent": [
        "woody",
        "floral",
        "aquatic",
        "fruity"
      ],
      "StockOverrideMessage": "STOCK_COMING_SOON",
      "size": "71-100",
      "gender": "womens",
      "parentCategory_UK": "33071",
      "fragrance_type": "eau de toilette",
      "hasPriceAdvantageDeal": false,
      "Reporting_Category": "fragrance",
      "ProductReviewFlag": "1"
    },
    "variants": {
      "colours": [],
      "hasColours": false,
      "hasSizes": false
    },
    "categories": [
      [
        {
          "name": "fragrance",
          "label": "fragrance"
        },
        {
          "name": "gift",
          "label": "gift"
        }
      ],
      [
        {
          "name": "perfume",
          "label": "fragrance > perfume"
        },
        {
          "name": "fragrance offers",
          "label": "fragrance > fragrance offers"
        },
        {
          "name": "gifts for her",
          "label": "gift > gifts for her"
        }
      ],
      [
        {
          "name": "all perfumes",
          "label": "fragrance > perfume > all perfumes"
        },
        {
          "name": "floral perfume",
          "label": "fragrance > perfume > floral perfume"
        },
        {
          "name": "everyday low prices",
          "label": "fragrance > fragrance offers > everyday low prices"
        },
        {
          "name": "save up to 60 percent",
          "label": "fragrance > fragrance offers > save up to 60 percent"
        },
        {
          "name": "save up to 20% on fragrance",
          "label": "fragrance > fragrance offers > save up to 20% on fragrance"
        },
        {
          "name": "all perfumes",
          "label": "gift > gifts for her > all perfumes"
        }
      ]
    ],
    "reviews": {
      "average": 4.57,
      "count": 70,
      "rounded": 4
    },
    "parent": {
      "product": "2980",
      "partNumber": "10011455.P",
      "model": "10011455",
      "manufacturerModel": "3112977"
    },
    "images": {
      "thumbnail": "https://boots.scene7.com/is/image/Boots/10011455?wid=45&hei=60&op_sharpen=1"
    },
    "offers": [
      {
        "text": "Save up to 1/2 price on selected fragrances"
      }
    ],
    "actions": {},
    "iconUri": "https://boots.scene7.com/is/image/Boots/10011455?op_sharpen=1",
    "title": "Davidoff Cool Water Woman Eau de Toilette 100ml",
    "referenceUri": "/davidoff-cool-water-woman-eau-de-toilette-spray-100ml-10011455",
    "canAddToBasket": "yes",
    "opticians": false,
    "inStock": true,
    "expressDelivery": false,
    "hasOtherPromotion": true,
    "channelPromotionalTextMap": {
      "-1": [
        "Save up to 1/2 price on selected fragrances"
      ],
      "-6": [
        "Save up to 1/2 price on selected fragrances"
      ]
    },
    "adCardPoints": 108
  },
  {
    "_id": {
      "$oid": "65ec108d9884656b92f55807"
    },
    "ppuQuantity": "50ML",
    "pricing": {
      "perUnit": "£190.00 per 100ML",
      "regular": {
        "value": 95,
        "currency": "GBP",
        "text": "£95.00"
      },
      "current": {
        "value": 95,
        "currency": "GBP",
        "text": "£95.00"
      }
    },
    "objectId": "2779677",
    "brand": "Carolina Herrera",
    "attributes": {
      "fragrance_scent": "floral",
      "product_type": "body spray",
      "StockOverrideMessage": "STOCK_COMING_SOON",
      "gender": "womens",
      "fragrance_type": "eau de cologne",
      "hasPriceAdvantageDeal": false,
      "ProductReviewFlag": "1"
    },
    "variants": {
      "colours": [],
      "hasColours": false,
      "hasSizes": false
    },
    "categories": [
      [
        {
          "name": "gift",
          "label": "gift"
        },
        {
          "name": "fragrance",
          "label": "fragrance"
        },
        {
          "name": "sun & holiday",
          "label": "sun & holiday"
        }
      ],
      [
        {
          "name": "birthday gifts",
          "label": "gift > birthday gifts"
        },
        {
          "name": "perfume",
          "label": "fragrance > perfume"
        },
        {
          "name": "love island",
          "label": "sun & holiday > love island"
        },
        {
          "name": "gifts for her",
          "label": "gift > gifts for her"
        },
        {
          "name": "luxury fragrance",
          "label": "fragrance > luxury fragrance"
        },
        {
          "name": "5* rated perfumes & aftershaves",
          "label": "fragrance > 5* rated perfumes & aftershaves"
        }
      ],
      [
        {
          "name": "all perfumes",
          "label": "fragrance > perfume > all perfumes"
        },
        {
          "name": "floral perfume",
          "label": "fragrance > perfume > floral perfume"
        },
        {
          "name": "shop the love island villa",
          "label": "sun & holiday > love island > shop the love island villa"
        },
        {
          "name": "all perfumes",
          "label": "gift > gifts for her > all perfumes"
        }
      ]
    ],
    "reviews": {
      "average": 4.55,
      "count": 1326,
      "rounded": 4
    },
    "parent": {
      "product": "2779676",
      "partNumber": "10322863.P",
      "model": "10322863",
      "manufacturerModel": "5268168"
    },
    "images": {
      "thumbnail": "https://boots.scene7.com/is/image/Boots/10322863?wid=45&hei=60&op_sharpen=1"
    },
    "offers": [
      {
        "text": "Free gift when you buy selected Carolina Herrera - whilst stocks last"
      }
    ],
    "actions": {},
    "iconUri": "https://boots.scene7.com/is/image/Boots/10322863?op_sharpen=1",
    "title": "Carolina Herrera Good Girl Blush Eau de Parfum 50ml",
    "referenceUri": "/carolina-herrera-good-girl-blush-eau-de-parfum-50ml-10322863",
    "canAddToBasket": "yes",
    "opticians": false,
    "inStock": true,
    "expressDelivery": false,
    "hasOtherPromotion": true,
    "channelPromotionalTextMap": {
      "-1": [
        "Free gift when you buy selected Carolina Herrera - whilst stocks last"
      ],
      "-6": [
        "Free gift when you buy selected Carolina Herrera - whilst stocks last"
      ]
    },
    "adCardPoints": 285
  },
  {
    "_id": {
      "$oid": "65ec108d9884656b92f55808"
    },
    "ppuQuantity": "100ML",
    "pricing": {
      "perUnit": "£82.45 per 100ML",
      "regular": {
        "value": 97,
        "currency": "GBP",
        "text": "£97.00"
      },
      "current": {
        "value": 82.45,
        "currency": "GBP",
        "text": "£82.45"
      },
      "saving": {
        "value": 14.55,
        "currency": "GBP",
        "text": "£14.55"
      }
    },
    "objectId": "1976927",
    "brand": "Dolce & Gabbana",
    "attributes": {
      "fragrance_scent": [
        "fruity",
        "floral",
        "woody"
      ],
      "gender": "womens",
      "size": "71-100",
      "StockOverrideMessage": "STOCK_COMING_SOON",
      "parentCategory_UK": "33071",
      "fragrance_type": "eau de parfum",
      "recipient": "gifts for women",
      "hasPriceAdvantageDeal": false,
      "Reporting_Category": "fragrance",
      "gift_type": "fragrance gifts",
      "ProductReviewFlag": "1"
    },
    "variants": {
      "colours": [],
      "hasColours": false,
      "hasSizes": false
    },
    "categories": [
      [
        {
          "name": "gift",
          "label": "gift"
        },
        {
          "name": "fragrance",
          "label": "fragrance"
        }
      ],
      [
        {
          "name": "gifts for her",
          "label": "gift > gifts for her"
        },
        {
          "name": "perfume",
          "label": "fragrance > perfume"
        },
        {
          "name": "fragrance offers",
          "label": "fragrance > fragrance offers"
        }
      ],
      [
        {
          "name": "all perfumes",
          "label": "fragrance > perfume > all perfumes"
        },
        {
          "name": "floral perfume",
          "label": "fragrance > perfume > floral perfume"
        },
        {
          "name": "save up to 20% on fragrance",
          "label": "fragrance > fragrance offers > save up to 20% on fragrance"
        },
        {
          "name": "all perfumes",
          "label": "gift > gifts for her > all perfumes"
        }
      ]
    ],
    "reviews": {
      "average": 4.39,
      "count": 51,
      "rounded": 4
    },
    "parent": {
      "product": "1976926",
      "partNumber": "10229698.P",
      "model": "10229698",
      "manufacturerModel": "6921817"
    },
    "images": {
      "thumbnail": "https://boots.scene7.com/is/image/Boots/10229698?wid=45&hei=60&op_sharpen=1"
    },
    "offers": [
      {
        "text": "Save up to 20 percent on selected fragrances"
      }
    ],
    "actions": {},
    "iconUri": "https://boots.scene7.com/is/image/Boots/10229698?op_sharpen=1",
    "title": "Dolce&Gabbana Light Blue Eau Intense Eau de Parfum 100ml",
    "referenceUri": "/dolce-gabbana-light-blue-eau-intense-eau-de-parfum-100ml-10229698",
    "canAddToBasket": "yes",
    "opticians": false,
    "inStock": true,
    "expressDelivery": false,
    "hasOtherPromotion": true,
    "channelPromotionalTextMap": {
      "-1": [
        "Save up to 20 percent on selected fragrances"
      ],
      "-6": [
        "Save up to 20 percent on selected fragrances"
      ]
    },
    "adCardPoints": 246
  },
  {
    "_id": {
      "$oid": "65ec108d9884656b92f55809"
    },
    "ppuQuantity": "125ML",
    "pricing": {
      "perUnit": "£55.76 per 100ML",
      "regular": {
        "value": 82,
        "currency": "GBP",
        "text": "£82.00"
      },
      "current": {
        "value": 69.7,
        "currency": "GBP",
        "text": "£69.70"
      },
      "saving": {
        "value": 12.3,
        "currency": "GBP",
        "text": "£12.30"
      }
    },
    "objectId": "2926155",
    "brand": "Ralph Lauren",
    "attributes": {
      "fragrance_scent": "woody",
      "product_type": "body spray",
      "size": "101-150",
      "StockOverrideMessage": "STOCK_COMING_SOON",
      "gender": "mens",
      "fragrance_type": "eau de toilette",
      "format": "spray",
      "hasPriceAdvantageDeal": false,
      "ProductReviewFlag": "1"
    },
    "variants": {
      "colours": [],
      "hasColours": false,
      "hasSizes": false
    },
    "categories": [
      [
        {
          "name": "new in",
          "label": "new in"
        },
        {
          "name": "toiletries",
          "label": "toiletries"
        },
        {
          "name": "men's",
          "label": "men's"
        },
        {
          "name": "fragrance",
          "label": "fragrance"
        },
        {
          "name": "gift",
          "label": "gift"
        }
      ],
      [
        {
          "name": "new in fragrance",
          "label": "new in > new in fragrance"
        },
        {
          "name": "men's toiletries",
          "label": "toiletries > men's toiletries"
        },
        {
          "name": "men's toiletries",
          "label": "men's > men's toiletries"
        },
        {
          "name": "perfume",
          "label": "fragrance > perfume"
        },
        {
          "name": "aftershave",
          "label": "fragrance > aftershave"
        },
        {
          "name": "gifts for him",
          "label": "gift > gifts for him"
        },
        {
          "name": "gifts for her",
          "label": "gift > gifts for her"
        },
        {
          "name": "aftershave",
          "label": "men's > aftershave"
        },
        {
          "name": "new in fragrance",
          "label": "fragrance > new in fragrance"
        },
        {
          "name": "brands",
          "label": "fragrance > brands"
        }
      ],
      [
        {
          "name": "aftershave",
          "label": "toiletries > men's toiletries > aftershave"
        },
        {
          "name": "aftershave",
          "label": "men's > men's toiletries > aftershave"
        },
        {
          "name": "all perfumes",
          "label": "fragrance > perfume > all perfumes"
        },
        {
          "name": "all aftershave",
          "label": "fragrance > aftershave > all aftershave"
        },
        {
          "name": "woody aftershave",
          "label": "fragrance > aftershave > woody aftershave"
        },
        {
          "name": "all aftershave",
          "label": "gift > gifts for him > all aftershave"
        },
        {
          "name": "all perfumes",
          "label": "gift > gifts for her > all perfumes"
        },
        {
          "name": "all aftershave",
          "label": "men's > aftershave > all aftershave"
        },
        {
          "name": "woody aftershave",
          "label": "men's > aftershave > woody aftershave"
        }
      ],
      [
        {
          "name": "all aftershave",
          "label": "toiletries > men's toiletries > aftershave > all aftershave"
        },
        {
          "name": "woody aftershave",
          "label": "toiletries > men's toiletries > aftershave > woody aftershave"
        },
        {
          "name": "all aftershave",
          "label": "men's > men's toiletries > aftershave > all aftershave"
        },
        {
          "name": "woody aftershave",
          "label": "men's > men's toiletries > aftershave > woody aftershave"
        }
      ]
    ],
    "reviews": {
      "average": 4.92,
      "count": 12,
      "rounded": 4
    },
    "parent": {
      "product": "2926154",
      "partNumber": "10339346.P",
      "model": "10339346",
      "manufacturerModel": "2115107"
    },
    "images": {
      "thumbnail": "https://boots.scene7.com/is/image/Boots/10339346?wid=45&hei=60&op_sharpen=1"
    },
    "offers": [
      {
        "text": "Save up to 20 percent on selected fragrances"
      }
    ],
    "actions": {},
    "iconUri": "https://boots.scene7.com/is/image/Boots/10339346?op_sharpen=1",
    "title": "Ralph Lauren Polo Eau de Toilette 125ml",
    "referenceUri": "/ralph-lauren-polo-eau-de-toilette-125ml-10339346",
    "canAddToBasket": "yes",
    "opticians": false,
    "inStock": true,
    "expressDelivery": false,
    "hasOtherPromotion": true,
    "channelPromotionalTextMap": {
      "-1": [
        "Save up to 20 percent on selected fragrances"
      ],
      "-6": [
        "Save up to 20 percent on selected fragrances"
      ]
    },
    "adCardPoints": 207
  },
  {
    "_id": {
      "$oid": "65ec108d9884656b92f5580a"
    },
    "ppuQuantity": "50ML",
    "pricing": {
      "perUnit": "£170.00 per 100ML",
      "regular": {
        "value": 100,
        "currency": "GBP",
        "text": "£100.00"
      },
      "current": {
        "value": 85,
        "currency": "GBP",
        "text": "£85.00"
      },
      "saving": {
        "value": 15,
        "currency": "GBP",
        "text": "£15.00"
      }
    },
    "objectId": "2822653",
    "brand": "Valentino",
    "attributes": {
      "fragrance_scent": [
        "sweet",
        "floral"
      ],
      "StockOverrideMessage": "STOCK_COMING_SOON",
      "gender": "womens",
      "size": "41-50",
      "fragrance_type": "eau de parfum",
      "hasPriceAdvantageDeal": false,
      "ProductReviewFlag": "1"
    },
    "variants": {
      "colours": [],
      "hasColours": false,
      "hasSizes": false
    },
    "categories": [
      [
        {
          "name": "new in",
          "label": "new in"
        },
        {
          "name": "fragrance",
          "label": "fragrance"
        },
        {
          "name": "gift",
          "label": "gift"
        }
      ],
      [
        {
          "name": "new in fragrance",
          "label": "new in > new in fragrance"
        },
        {
          "name": "perfume",
          "label": "fragrance > perfume"
        },
        {
          "name": "gifts for her",
          "label": "gift > gifts for her"
        },
        {
          "name": "new in fragrance",
          "label": "fragrance > new in fragrance"
        },
        {
          "name": "brands",
          "label": "fragrance > brands"
        },
        {
          "name": "5* rated perfumes & aftershaves",
          "label": "fragrance > 5* rated perfumes & aftershaves"
        }
      ],
      [
        {
          "name": "all perfumes",
          "label": "fragrance > perfume > all perfumes"
        },
        {
          "name": "floral perfume",
          "label": "fragrance > perfume > floral perfume"
        },
        {
          "name": "all perfumes",
          "label": "gift > gifts for her > all perfumes"
        }
      ]
    ],
    "reviews": {
      "average": 4.83,
      "count": 826,
      "rounded": 4
    },
    "parent": {
      "product": "2822652",
      "partNumber": "10326988.P",
      "model": "10326988",
      "manufacturerModel": "5449944"
    },
    "images": {
      "thumbnail": "https://boots.scene7.com/is/image/Boots/10326988?wid=45&hei=60&op_sharpen=1"
    },
    "offers": [
      {
        "text": "Save up to 20 percent on selected fragrances"
      }
    ],
    "actions": {},
    "iconUri": "https://boots.scene7.com/is/image/Boots/10326988?op_sharpen=1",
    "title": "Valentino Born in Roma Donna Eau de Parfum Intense 50ml",
    "referenceUri": "/valentino-born-in-roma-donna-eau-de-parfum-intense-50ml-10326988",
    "canAddToBasket": "yes",
    "opticians": false,
    "inStock": true,
    "expressDelivery": false,
    "hasOtherPromotion": true,
    "channelPromotionalTextMap": {
      "-1": [
        "Save up to 20 percent on selected fragrances"
      ],
      "-6": [
        "Save up to 20 percent on selected fragrances"
      ]
    },
    "adCardPoints": 255
  },
  {
    "_id": {
      "$oid": "65ec108d9884656b92f5580b"
    },
    "ppuQuantity": "100ML",
    "pricing": {
      "perUnit": "£62.05 per 100ML",
      "regular": {
        "value": 73,
        "currency": "GBP",
        "text": "£73.00"
      },
      "current": {
        "value": 62.05,
        "currency": "GBP",
        "text": "£62.05"
      },
      "saving": {
        "value": 10.95,
        "currency": "GBP",
        "text": "£10.95"
      }
    },
    "objectId": "49426",
    "brand": "Emporio Armani",
    "attributes": {
      "fragrance_scent": [
        "fruity",
        "vanilla",
        "amber"
      ],
      "gender": "womens",
      "StockOverrideMessage": "STOCK_COMING_SOON",
      "size": "71-100",
      "Size": [
        "100 ml",
        "100ml"
      ],
      "parentCategory_UK": "33071",
      "fragrance_type": "eau de parfum",
      "recipient": "gifts for women",
      "hasPriceAdvantageDeal": false,
      "Reporting_Category": "fragrance",
      "gift_type": "fragrance gifts",
      "ProductReviewFlag": "1"
    },
    "variants": {
      "colours": [],
      "hasColours": false,
      "hasSizes": false
    },
    "categories": [
      [
        {
          "name": "fragrance",
          "label": "fragrance"
        },
        {
          "name": "gift",
          "label": "gift"
        }
      ],
      [
        {
          "name": "perfume",
          "label": "fragrance > perfume"
        },
        {
          "name": "fragrance offers",
          "label": "fragrance > fragrance offers"
        },
        {
          "name": "gifts for her",
          "label": "gift > gifts for her"
        }
      ],
      [
        {
          "name": "all perfumes",
          "label": "fragrance > perfume > all perfumes"
        },
        {
          "name": "vanilla perfume",
          "label": "fragrance > perfume > vanilla perfume"
        },
        {
          "name": "amber perfume",
          "label": "fragrance > perfume > amber perfume"
        },
        {
          "name": "Save 15% on 100s of fragrances",
          "label": "fragrance > fragrance offers > Save 15% on 100s of fragrances"
        },
        {
          "name": "all perfumes",
          "label": "gift > gifts for her > all perfumes"
        }
      ]
    ],
    "reviews": {
      "average": 4.74,
      "count": 389,
      "rounded": 4
    },
    "parent": {
      "product": "49425",
      "partNumber": "10070844.P",
      "model": "10070844",
      "manufacturerModel": "3225976"
    },
    "images": {
      "thumbnail": "https://boots.scene7.com/is/image/Boots/10070844?wid=45&hei=60&op_sharpen=1"
    },
    "offers": [
      {
        "text": "Save up to 20 percent on selected fragrances"
      }
    ],
    "actions": {},
    "iconUri": "https://boots.scene7.com/is/image/Boots/10070844?op_sharpen=1",
    "title": "Emporio Armani Diamonds Eau de Parfum 100ml",
    "referenceUri": "/emporio-armani-diamonds-eau-de-parfum-100ml-10070844",
    "canAddToBasket": "yes",
    "opticians": false,
    "inStock": true,
    "expressDelivery": false,
    "hasOtherPromotion": true,
    "channelPromotionalTextMap": {
      "-1": [
        "Save up to 20 percent on selected fragrances"
      ],
      "-6": [
        "Save up to 20 percent on selected fragrances"
      ]
    },
    "adCardPoints": 186
  },
  {
    "_id": {
      "$oid": "65ec108d9884656b92f5580c"
    },
    "ppuQuantity": "100ML",
    "pricing": {
      "perUnit": "£116.45 per 100ML",
      "regular": {
        "value": 137,
        "currency": "GBP",
        "text": "£137.00"
      },
      "current": {
        "value": 116.45,
        "currency": "GBP",
        "text": "£116.45"
      },
      "saving": {
        "value": 20.55,
        "currency": "GBP",
        "text": "£20.55"
      }
    },
    "objectId": "2631139",
    "brand": "Christian Dior",
    "attributes": {
      "fragrance_scent": "floral",
      "StockOverrideMessage": "STOCK_COMING_SOON",
      "gender": "womens",
      "fragrance_type": "parfum",
      "hasPriceAdvantageDeal": false,
      "ProductReviewFlag": "1"
    },
    "variants": {
      "colours": [],
      "hasColours": false,
      "hasSizes": false
    },
    "categories": [
      [
        {
          "name": "fragrance",
          "label": "fragrance"
        },
        {
          "name": "gift",
          "label": "gift"
        }
      ],
      [
        {
          "name": "5* rated perfumes & aftershaves",
          "label": "fragrance > 5* rated perfumes & aftershaves"
        },
        {
          "name": "perfume",
          "label": "fragrance > perfume"
        },
        {
          "name": "gifts for her",
          "label": "gift > gifts for her"
        },
        {
          "name": "luxury fragrance",
          "label": "fragrance > luxury fragrance"
        },
        {
          "name": "brands",
          "label": "fragrance > brands"
        }
      ],
      [
        {
          "name": "all perfumes",
          "label": "fragrance > perfume > all perfumes"
        },
        {
          "name": "all perfumes",
          "label": "gift > gifts for her > all perfumes"
        }
      ]
    ],
    "reviews": {
      "average": 4.74,
      "count": 1105,
      "rounded": 4
    },
    "parent": {
      "product": "2631138",
      "partNumber": "10305619.P",
      "model": "10305619",
      "manufacturerModel": "8987521"
    },
    "images": {
      "thumbnail": "https://boots.scene7.com/is/image/Boots/10305619?wid=45&hei=60&op_sharpen=1"
    },
    "offers": [
      {
        "text": "Save up to 20 percent on selected fragrances"
      }
    ],
    "actions": {},
    "iconUri": "https://boots.scene7.com/is/image/Boots/10305619?op_sharpen=1",
    "title": "DIOR J'adore Parfum d'Eau 100ml",
    "referenceUri": "/dior-jadore-parfum-deau-100ml-10305619",
    "canAddToBasket": "yes",
    "opticians": false,
    "inStock": true,
    "expressDelivery": false,
    "hasOtherPromotion": true,
    "channelPromotionalTextMap": {
      "-1": [
        "Save up to 20 percent on selected fragrances"
      ],
      "-6": [
        "Save up to 20 percent on selected fragrances"
      ]
    },
    "adCardPoints": 348
  },
  {
    "_id": {
      "$oid": "65ec108d9884656b92f5580d"
    },
    "ppuQuantity": "50ML",
    "pricing": {
      "perUnit": "£52.50 per 100ML",
      "regular": {
        "value": 35,
        "currency": "GBP",
        "text": "£35.00"
      },
      "current": {
        "value": 26.25,
        "currency": "GBP",
        "text": "£26.25"
      },
      "saving": {
        "value": 8.75,
        "currency": "GBP",
        "text": "£8.75"
      }
    },
    "objectId": "2690985",
    "brand": "Elizabeth Arden",
    "attributes": {
      "fragrance_scent": "floral",
      "StockOverrideMessage": "STOCK_COMING_SOON",
      "gender": "womens",
      "size": "41-50",
      "fragrance_type": "eau de parfum",
      "hasPriceAdvantageDeal": false,
      "Reporting_Category": "fragrance",
      "ProductReviewFlag": "1"
    },
    "variants": {
      "colours": [],
      "hasColours": false,
      "hasSizes": false
    },
    "categories": [
      [
        {
          "name": "new in",
          "label": "new in"
        },
        {
          "name": "beauty & skincare",
          "label": "beauty & skincare"
        },
        {
          "name": "fragrance",
          "label": "fragrance"
        },
        {
          "name": "gift",
          "label": "gift"
        }
      ],
      [
        {
          "name": "premium beauty & skincare",
          "label": "beauty & skincare > premium beauty & skincare"
        },
        {
          "name": "perfume",
          "label": "fragrance > perfume"
        },
        {
          "name": "gifts for her",
          "label": "gift > gifts for her"
        },
        {
          "name": "brands",
          "label": "fragrance > brands"
        },
        {
          "name": "5* rated perfumes & aftershaves",
          "label": "fragrance > 5* rated perfumes & aftershaves"
        },
        {
          "name": "new in premium beauty & skincare",
          "label": "new in > new in premium beauty & skincare"
        }
      ],
      [
        {
          "name": "save up to 25% across selected premium beauty and No7",
          "label": "beauty & skincare > premium beauty & skincare > save up to 25% across selected premium beauty and No7"
        },
        {
          "name": "new in premium beauty & skincare",
          "label": "beauty & skincare > premium beauty & skincare > new in premium beauty & skincare"
        },
        {
          "name": "all perfumes",
          "label": "fragrance > perfume > all perfumes"
        },
        {
          "name": "all perfumes",
          "label": "gift > gifts for her > all perfumes"
        }
      ]
    ],
    "reviews": {
      "average": 4.7,
      "count": 297,
      "rounded": 4
    },
    "parent": {
      "product": "2690984",
      "partNumber": "10313960.P",
      "model": "10313960",
      "manufacturerModel": "3258335"
    },
    "images": {
      "thumbnail": "https://boots.scene7.com/is/image/Boots/10313960?wid=45&hei=60&op_sharpen=1"
    },
    "offers": [
      {
        "text": "Spend £45 on selected Elizabeth Arden and receive Elizabeth Arden Icons Set for £75, worth £281"
      },
      {
        "text": "Save up to 25 percent across selected Premium Beauty"
      }
    ],
    "actions": {},
    "iconUri": "https://boots.scene7.com/is/image/Boots/10313960?op_sharpen=1",
    "title": "Elizabeth Arden White Tea Eau De Parfum 50ml",
    "referenceUri": "/elizabeth-arden-white-tea-eau-de-parfum-50ml-10313960",
    "canAddToBasket": "yes",
    "opticians": false,
    "inStock": true,
    "expressDelivery": false,
    "hasOtherPromotion": true,
    "channelPromotionalTextMap": {
      "-1": [
        "Spend £45 on selected Elizabeth Arden and receive Elizabeth Arden Icons Set for £75, worth £281",
        "Save up to 25 percent across selected Premium Beauty"
      ],
      "-6": [
        "Spend £45 on selected Elizabeth Arden and receive Elizabeth Arden Icons Set for £75, worth £281",
        "Save up to 25 percent across selected Premium Beauty"
      ]
    },
    "adCardPoints": 78
  },
  {
    "_id": {
      "$oid": "65ec108d9884656b92f5580e"
    },
    "ppuQuantity": "30ML",
    "pricing": {
      "perUnit": "£189.83 per 100ML",
      "regular": {
        "value": 67,
        "currency": "GBP",
        "text": "£67.00"
      },
      "current": {
        "value": 56.95,
        "currency": "GBP",
        "text": "£56.95"
      },
      "saving": {
        "value": 10.05,
        "currency": "GBP",
        "text": "£10.05"
      }
    },
    "objectId": "1491521",
    "brand": "Viktor & Rolf",
    "attributes": {
      "fragrance_scent": [
        "woody",
        "jasmine",
        "citrus",
        "amber",
        "fruity",
        "floral"
      ],
      "StockOverrideMessage": "STOCK_COMING_SOON",
      "gender": "womens",
      "size": "21-30",
      "Size": "30ml",
      "parentCategory_UK": "33071",
      "fragrance_type": "eau de parfum",
      "hasPriceAdvantageDeal": false,
      "Reporting_Category": "fragrance",
      "ProductReviewFlag": "1"
    },
    "variants": {
      "colours": [],
      "hasColours": false,
      "hasSizes": false
    },
    "categories": [
      [
        {
          "name": "sun & holiday",
          "label": "sun & holiday"
        },
        {
          "name": "fragrance",
          "label": "fragrance"
        },
        {
          "name": "gift",
          "label": "gift"
        }
      ],
      [
        {
          "name": "your holiday starts here",
          "label": "sun & holiday > your holiday starts here"
        },
        {
          "name": "perfume",
          "label": "fragrance > perfume"
        },
        {
          "name": "fragrance offers",
          "label": "fragrance > fragrance offers"
        },
        {
          "name": "gifts for her",
          "label": "gift > gifts for her"
        },
        {
          "name": "5* rated perfumes & aftershaves",
          "label": "fragrance > 5* rated perfumes & aftershaves"
        }
      ],
      [
        {
          "name": "all perfumes",
          "label": "fragrance > perfume > all perfumes"
        },
        {
          "name": "floral perfume",
          "label": "fragrance > perfume > floral perfume"
        },
        {
          "name": "amber perfume",
          "label": "fragrance > perfume > amber perfume"
        },
        {
          "name": "Save 15% on 100s of fragrances",
          "label": "fragrance > fragrance offers > Save 15% on 100s of fragrances"
        },
        {
          "name": "all perfumes",
          "label": "gift > gifts for her > all perfumes"
        }
      ]
    ],
    "reviews": {
      "average": 4.69,
      "count": 2020,
      "rounded": 4
    },
    "parent": {
      "product": "1491520",
      "partNumber": "10176816.P",
      "model": "10176816",
      "manufacturerModel": "1912127"
    },
    "images": {
      "thumbnail": "https://boots.scene7.com/is/image/Boots/10176816?wid=45&hei=60&op_sharpen=1"
    },
    "offers": [
      {
        "text": "Save up to 20 percent on selected fragrances"
      }
    ],
    "actions": {},
    "iconUri": "https://boots.scene7.com/is/image/Boots/10176816?op_sharpen=1",
    "title": "Viktor&Rolf Bonbon Eau de Parfum 30ml",
    "referenceUri": "/viktor-and-rolf-bonbon-eau-de-parfum-30ml-10176816",
    "canAddToBasket": "yes",
    "opticians": false,
    "inStock": true,
    "expressDelivery": false,
    "hasOtherPromotion": true,
    "channelPromotionalTextMap": {
      "-1": [
        "Save up to 20 percent on selected fragrances"
      ],
      "-6": [
        "Save up to 20 percent on selected fragrances"
      ]
    },
    "adCardPoints": 168
  },
  {
    "_id": {
      "$oid": "65ec108d9884656b92f5580f"
    },
    "ppuQuantity": "100ML",
    "pricing": {
      "perUnit": "£45.00 per 100ML",
      "regular": {
        "value": 90,
        "currency": "GBP",
        "text": "£90.00"
      },
      "current": {
        "value": 45,
        "currency": "GBP",
        "text": "£45.00"
      },
      "saving": {
        "value": 45,
        "currency": "GBP",
        "text": "£45.00"
      }
    },
    "objectId": "14886",
    "brand": "Calvin Klein",
    "attributes": {
      "fragrance_scent": [
        "floral",
        "fruity",
        "aquatic"
      ],
      "gender": "womens",
      "size": "71-100",
      "StockOverrideMessage": "STOCK_COMING_SOON",
      "Size": [
        "100ml",
        "100 ml"
      ],
      "parentCategory_UK": "33071",
      "fragrance_type": "eau de parfum",
      "hasPriceAdvantageDeal": false,
      "Reporting_Category": "fragrance",
      "gift_type": "fragrance gifts",
      "ProductReviewFlag": "1"
    },
    "variants": {
      "colours": [],
      "hasColours": false,
      "hasSizes": false
    },
    "categories": [
      [
        {
          "name": "fragrance",
          "label": "fragrance"
        },
        {
          "name": "gift",
          "label": "gift"
        }
      ],
      [
        {
          "name": "5* rated perfumes & aftershaves",
          "label": "fragrance > 5* rated perfumes & aftershaves"
        },
        {
          "name": "perfume",
          "label": "fragrance > perfume"
        },
        {
          "name": "fragrance offers",
          "label": "fragrance > fragrance offers"
        },
        {
          "name": "gifts for her",
          "label": "gift > gifts for her"
        }
      ],
      [
        {
          "name": "all perfumes",
          "label": "fragrance > perfume > all perfumes"
        },
        {
          "name": "floral perfume",
          "label": "fragrance > perfume > floral perfume"
        },
        {
          "name": "everyday low prices",
          "label": "fragrance > fragrance offers > everyday low prices"
        },
        {
          "name": "save up to 60 percent",
          "label": "fragrance > fragrance offers > save up to 60 percent"
        },
        {
          "name": "save up to 20% on fragrance",
          "label": "fragrance > fragrance offers > save up to 20% on fragrance"
        },
        {
          "name": "black friday fragrance offers",
          "label": "fragrance > fragrance offers > black friday fragrance offers"
        },
        {
          "name": "all perfumes",
          "label": "gift > gifts for her > all perfumes"
        }
      ]
    ],
    "reviews": {
      "average": 4.68,
      "count": 168,
      "rounded": 4
    },
    "parent": {
      "product": "14885",
      "partNumber": "10040351.P",
      "model": "10040351",
      "manufacturerModel": "4824644"
    },
    "images": {
      "thumbnail": "https://boots.scene7.com/is/image/Boots/10040351?wid=45&hei=60&op_sharpen=1"
    },
    "offers": [
      {
        "text": "Save up to 1/2 price on selected fragrances"
      }
    ],
    "actions": {},
    "iconUri": "https://boots.scene7.com/is/image/Boots/10040351?op_sharpen=1",
    "title": "Calvin Klein Eternity Moment for Women Eau de Parfum 100ml",
    "referenceUri": "/calvin-klein-eternity-moment-eau-de-parfum-100ml-10040351",
    "canAddToBasket": "yes",
    "opticians": false,
    "inStock": true,
    "expressDelivery": false,
    "hasOtherPromotion": true,
    "channelPromotionalTextMap": {
      "-1": [
        "Save up to 1/2 price on selected fragrances"
      ],
      "-6": [
        "Save up to 1/2 price on selected fragrances"
      ]
    },
    "adCardPoints": 135
  },
  {
    "_id": {
      "$oid": "65ec108d9884656b92f55810"
    },
    "ppuQuantity": "30ML",
    "pricing": {
      "perUnit": "£192.67 per 100ML",
      "regular": {
        "value": 68,
        "currency": "GBP",
        "text": "£68.00"
      },
      "current": {
        "value": 57.8,
        "currency": "GBP",
        "text": "£57.80"
      },
      "saving": {
        "value": 10.2,
        "currency": "GBP",
        "text": "£10.20"
      }
    },
    "objectId": "2713655",
    "brand": "Christian Dior",
    "attributes": {
      "fragrance_scent": "floral",
      "size": "21-30",
      "gender": "womens",
      "StockOverrideMessage": "STOCK_COMING_SOON",
      "fragrance_type": "parfum",
      "hasPriceAdvantageDeal": false,
      "ProductReviewFlag": "1"
    },
    "variants": {
      "colours": [],
      "hasColours": false,
      "hasSizes": false
    },
    "categories": [
      [
        {
          "name": "fragrance",
          "label": "fragrance"
        },
        {
          "name": "gift",
          "label": "gift"
        }
      ],
      [
        {
          "name": "perfume",
          "label": "fragrance > perfume"
        },
        {
          "name": "gifts for her",
          "label": "gift > gifts for her"
        },
        {
          "name": "luxury fragrance",
          "label": "fragrance > luxury fragrance"
        },
        {
          "name": "brands",
          "label": "fragrance > brands"
        },
        {
          "name": "5* rated perfumes & aftershaves",
          "label": "fragrance > 5* rated perfumes & aftershaves"
        },
        {
          "name": "all baby & kids' clothing",
          "label": "gift > all baby & kids' clothing"
        },
        {
          "name": "all gifts",
          "label": "gift > all gifts"
        }
      ],
      [
        {
          "name": "all perfumes",
          "label": "fragrance > perfume > all perfumes"
        },
        {
          "name": "floral perfume",
          "label": "fragrance > perfume > floral perfume"
        },
        {
          "name": "all perfumes",
          "label": "gift > gifts for her > all perfumes"
        }
      ]
    ],
    "reviews": {
      "average": 4.63,
      "count": 1644,
      "rounded": 4
    },
    "parent": {
      "product": "2713654",
      "partNumber": "10316784.P",
      "model": "10316784",
      "manufacturerModel": "3894002"
    },
    "images": {
      "thumbnail": "https://boots.scene7.com/is/image/Boots/10316784?wid=45&hei=60&op_sharpen=1"
    },
    "offers": [
      {
        "text": "Save up to 20 percent on selected fragrances"
      }
    ],
    "actions": {},
    "iconUri": "https://boots.scene7.com/is/image/Boots/10316784?op_sharpen=1",
    "title": "DIOR J'adore Parfum d'Eau 30ml",
    "referenceUri": "/dior-jadore-parfum-deau-30ml10316784",
    "canAddToBasket": "yes",
    "opticians": false,
    "inStock": true,
    "expressDelivery": false,
    "hasOtherPromotion": true,
    "channelPromotionalTextMap": {
      "-1": [
        "Save up to 20 percent on selected fragrances"
      ],
      "-6": [
        "Save up to 20 percent on selected fragrances"
      ]
    },
    "adCardPoints": 171
  },
  {
    "_id": {
      "$oid": "65ec108d9884656b92f55811"
    },
    "ppuQuantity": "100ML",
    "pricing": {
      "perUnit": "£61.33 per 100ML",
      "regular": {
        "value": 92,
        "currency": "GBP",
        "text": "£92.00"
      },
      "current": {
        "value": 61.33,
        "currency": "GBP",
        "text": "£61.33"
      },
      "saving": {
        "value": 30.67,
        "currency": "GBP",
        "text": "£30.67"
      }
    },
    "objectId": "2492091",
    "brand": "Versace",
    "attributes": {
      "fragrance_scent": [
        "woody",
        "floral",
        "musk"
      ],
      "gender": "womens",
      "StockOverrideMessage": "STOCK_COMING_SOON",
      "fragrance_type": "eau de toilette",
      "format": "spray",
      "hasPriceAdvantageDeal": false,
      "Reporting_Category": "fragrance",
      "ProductReviewFlag": "1"
    },
    "variants": {
      "colours": [],
      "hasColours": false,
      "hasSizes": false
    },
    "categories": [
      [
        {
          "name": "gift",
          "label": "gift"
        },
        {
          "name": "beauty & skincare",
          "label": "beauty & skincare"
        },
        {
          "name": "fragrance",
          "label": "fragrance"
        }
      ],
      [
        {
          "name": "premium beauty & skincare",
          "label": "beauty & skincare > premium beauty & skincare"
        },
        {
          "name": "perfume",
          "label": "fragrance > perfume"
        },
        {
          "name": "gifts for her",
          "label": "gift > gifts for her"
        },
        {
          "name": "luxury fragrance",
          "label": "fragrance > luxury fragrance"
        },
        {
          "name": "5* rated perfumes & aftershaves",
          "label": "fragrance > 5* rated perfumes & aftershaves"
        }
      ],
      [
        {
          "name": "premium beauty gifts",
          "label": "beauty & skincare > premium beauty & skincare > premium beauty gifts"
        },
        {
          "name": "all perfumes",
          "label": "fragrance > perfume > all perfumes"
        },
        {
          "name": "premium beauty gifts",
          "label": "gift > gifts for her > premium beauty gifts"
        },
        {
          "name": "all perfumes",
          "label": "gift > gifts for her > all perfumes"
        }
      ]
    ],
    "reviews": {
      "average": 4.53,
      "count": 762,
      "rounded": 4
    },
    "parent": {
      "product": "2492090",
      "partNumber": "10291216.P",
      "model": "10291216",
      "manufacturerModel": "2507498"
    },
    "images": {
      "thumbnail": "https://boots.scene7.com/is/image/Boots/10291216?wid=45&hei=60&op_sharpen=1"
    },
    "offers": [
      {
        "text": "Save up to 1/2 price on selected fragrances"
      }
    ],
    "actions": {},
    "iconUri": "https://boots.scene7.com/is/image/Boots/10291216?op_sharpen=1",
    "title": "Versace Dylan Turquoise Eau De Toilette 100ml",
    "referenceUri": "/versace-dylan-turquoise-eau-de-toilette-100ml-exclusive-10291216-",
    "canAddToBasket": "yes",
    "opticians": false,
    "inStock": true,
    "expressDelivery": false,
    "hasOtherPromotion": true,
    "channelPromotionalTextMap": {
      "-1": [
        "Save up to 1/2 price on selected fragrances"
      ],
      "-6": [
        "Save up to 1/2 price on selected fragrances"
      ]
    },
    "adCardPoints": 183
  },
  {
    "_id": {
      "$oid": "65ec108d9884656b92f55812"
    },
    "ppuQuantity": "50ML",
    "pricing": {
      "perUnit": "£86.00 per 100ML",
      "regular": {
        "value": 43,
        "currency": "GBP",
        "text": "£43.00"
      },
      "current": {
        "value": 43,
        "currency": "GBP",
        "text": "£43.00"
      }
    },
    "objectId": "2220132",
    "brand": "Ariana Grande",
    "attributes": {
      "fragrance_scent": [
        "musk",
        "vanilla",
        "floral"
      ],
      "StockOverrideMessage": "STOCK_COMING_SOON",
      "size": "41-50",
      "gender": "womens",
      "fragrance_type": "eau de parfum",
      "hasPriceAdvantageDeal": false,
      "Reporting_Category": "fragrance",
      "ProductReviewFlag": "1"
    },
    "variants": {
      "colours": [],
      "hasColours": false,
      "hasSizes": false
    },
    "categories": [
      [
        {
          "name": "gift",
          "label": "gift"
        },
        {
          "name": "beauty & skincare",
          "label": "beauty & skincare"
        },
        {
          "name": "fragrance",
          "label": "fragrance"
        }
      ],
      [
        {
          "name": "all gifts",
          "label": "gift > all gifts"
        },
        {
          "name": "beauty awards",
          "label": "beauty & skincare > beauty awards"
        },
        {
          "name": "perfume",
          "label": "fragrance > perfume"
        },
        {
          "name": "gifts for her",
          "label": "gift > gifts for her"
        },
        {
          "name": "trending on social",
          "label": "beauty & skincare > trending on social"
        },
        {
          "name": "celebrity fragrance",
          "label": "fragrance > celebrity fragrance"
        },
        {
          "name": "5* rated perfumes & aftershaves",
          "label": "fragrance > 5* rated perfumes & aftershaves"
        }
      ],
      [
        {
          "name": "beauty awards nominees",
          "label": "beauty & skincare > beauty awards > beauty awards nominees"
        },
        {
          "name": "all perfumes",
          "label": "fragrance > perfume > all perfumes"
        },
        {
          "name": "vanilla perfume",
          "label": "fragrance > perfume > vanilla perfume"
        },
        {
          "name": "musky perfume",
          "label": "fragrance > perfume > musky perfume"
        },
        {
          "name": "floral perfume",
          "label": "fragrance > perfume > floral perfume"
        },
        {
          "name": "all perfumes",
          "label": "gift > gifts for her > all perfumes"
        }
      ]
    ],
    "reviews": {
      "average": 4.49,
      "count": 94,
      "rounded": 4
    },
    "parent": {
      "product": "2220131",
      "partNumber": "10259502.P",
      "model": "10259502",
      "manufacturerModel": "8423792"
    },
    "images": {
      "thumbnail": "https://boots.scene7.com/is/image/Boots/10259502?wid=45&hei=60&op_sharpen=1"
    },
    "offers": [],
    "actions": {},
    "iconUri": "https://boots.scene7.com/is/image/Boots/10259502?op_sharpen=1",
    "title": "Ariana Grande Cloud Eau de Parfum 50ml",
    "referenceUri": "/ariana-grande-cloud-eau-de-parfum-50ml-10259502",
    "canAddToBasket": "yes",
    "opticians": false,
    "inStock": true,
    "expressDelivery": false,
    "hasOtherPromotion": false,
    "channelPromotionalTextMap": {
      "-1": [],
      "-6": []
    },
    "adCardPoints": 129
  },
  {
    "_id": {
      "$oid": "65ec108d9884656b92f55813"
    },
    "ppuQuantity": "50ML",
    "pricing": {
      "perUnit": "£98.60 per 100ML",
      "regular": {
        "value": 58,
        "currency": "GBP",
        "text": "£58.00"
      },
      "current": {
        "value": 49.3,
        "currency": "GBP",
        "text": "£49.30"
      },
      "saving": {
        "value": 8.7,
        "currency": "GBP",
        "text": "£8.70"
      }
    },
    "objectId": "2289963",
    "brand": "Estee Lauder",
    "attributes": {
      "fragrance_scent": "vanilla",
      "StockOverrideMessage": "STOCK_COMING_SOON",
      "size": "41-50",
      "format": [
        "spray",
        "liquid"
      ],
      "fragrance_type": "eau de toilette",
      "hasPriceAdvantageDeal": false,
      "Reporting_Category": "fragrance",
      "gift_type": "fragrance gifts",
      "ProductReviewFlag": "1"
    },
    "variants": {
      "colours": [],
      "hasColours": false,
      "hasSizes": false
    },
    "categories": [
      [
        {
          "name": "fragrance",
          "label": "fragrance"
        },
        {
          "name": "gift",
          "label": "gift"
        }
      ],
      [
        {
          "name": "perfume",
          "label": "fragrance > perfume"
        },
        {
          "name": "gifts for her",
          "label": "gift > gifts for her"
        }
      ],
      [
        {
          "name": "all perfumes",
          "label": "fragrance > perfume > all perfumes"
        },
        {
          "name": "vanilla perfume",
          "label": "fragrance > perfume > vanilla perfume"
        },
        {
          "name": "all perfumes",
          "label": "gift > gifts for her > all perfumes"
        }
      ]
    ],
    "reviews": {
      "average": 4.46,
      "count": 584,
      "rounded": 4
    },
    "parent": {
      "product": "2289962",
      "partNumber": "10266426.P",
      "model": "10266426",
      "manufacturerModel": "8589844"
    },
    "images": {
      "thumbnail": "https://boots.scene7.com/is/image/Boots/10266426?wid=45&hei=60&op_sharpen=1"
    },
    "offers": [
      {
        "text": "Save 15 percent on selected fragrance"
      }
    ],
    "actions": {},
    "iconUri": "https://boots.scene7.com/is/image/Boots/10266426?op_sharpen=1",
    "title": "Estée Lauder Bronze Goddess Eau Fraîche Skinscent 50ml",
    "referenceUri": "/estee-lauder-bronze-goddess-eau-fra%C3%AEche-skinscent-50ml-10266426",
    "canAddToBasket": "yes",
    "opticians": false,
    "inStock": true,
    "expressDelivery": false,
    "hasOtherPromotion": true,
    "channelPromotionalTextMap": {
      "-1": [
        "Save 15 percent on selected fragrance"
      ],
      "-6": [
        "Save 15 percent on selected fragrance"
      ]
    },
    "adCardPoints": 147
  },
  {
    "_id": {
      "$oid": "65ec108d9884656b92f55814"
    },
    "ppuQuantity": "100ML",
    "pricing": {
      "perUnit": "£17.42 per 100ML",
      "regular": {
        "value": 20.5,
        "currency": "GBP",
        "text": "£20.50"
      },
      "current": {
        "value": 17.42,
        "currency": "GBP",
        "text": "£17.42"
      },
      "saving": {
        "value": 3.08,
        "currency": "GBP",
        "text": "£3.08"
      }
    },
    "objectId": "2779263",
    "brand": "Clarins",
    "attributes": {
      "hasPriceAdvantageDeal": false,
      "product_type": "deodorant",
      "StockOverrideMessage": "STOCK_COMING_SOON",
      "size": "101-150",
      "ProductReviewFlag": "1"
    },
    "variants": {
      "colours": [],
      "hasColours": false,
      "hasSizes": false
    },
    "categories": [
      [
        {
          "name": "fragrance",
          "label": "fragrance"
        },
        {
          "name": "beauty & skincare",
          "label": "beauty & skincare"
        },
        {
          "name": "gift",
          "label": "gift"
        }
      ],
      [
        {
          "name": "brands",
          "label": "fragrance > brands"
        },
        {
          "name": "premium beauty & skincare",
          "label": "beauty & skincare > premium beauty & skincare"
        },
        {
          "name": "perfume",
          "label": "fragrance > perfume"
        },
        {
          "name": "gifts for her",
          "label": "gift > gifts for her"
        }
      ],
      [
        {
          "name": "save up to 25% across selected premium beauty and No7",
          "label": "beauty & skincare > premium beauty & skincare > save up to 25% across selected premium beauty and No7"
        },
        {
          "name": "scented deodorant",
          "label": "fragrance > perfume > scented deodorant"
        },
        {
          "name": "all perfumes",
          "label": "fragrance > perfume > all perfumes"
        },
        {
          "name": "all perfumes",
          "label": "gift > gifts for her > all perfumes"
        }
      ]
    ],
    "reviews": {
      "average": 4.43,
      "count": 51,
      "rounded": 4
    },
    "parent": {
      "product": "2779262",
      "partNumber": "10322800.P",
      "model": "10322800",
      "manufacturerModel": "5267056"
    },
    "images": {
      "thumbnail": "https://boots.scene7.com/is/image/Boots/10322800?wid=45&hei=60&op_sharpen=1"
    },
    "offers": [
      {
        "text": "Save up to 25 percent across selected Premium Beauty"
      }
    ],
    "actions": {},
    "iconUri": "https://boots.scene7.com/is/image/Boots/10322800?op_sharpen=1",
    "title": "Clarins Eau Dynamisante Deodorant 100ml",
    "referenceUri": "/clarins-eau-dynamisante-deodorant-100ml-10322800",
    "canAddToBasket": "yes",
    "opticians": false,
    "inStock": true,
    "expressDelivery": false,
    "hasOtherPromotion": true,
    "channelPromotionalTextMap": {
      "-1": [
        "Save up to 25 percent across selected Premium Beauty"
      ],
      "-6": [
        "Save up to 25 percent across selected Premium Beauty"
      ]
    },
    "adCardPoints": 51
  },
  {
    "_id": {
      "$oid": "65ec108d9884656b92f55815"
    },
    "ppuQuantity": "100ML",
    "pricing": {
      "perUnit": "£105.40 per 100ML",
      "regular": {
        "value": 124,
        "currency": "GBP",
        "text": "£124.00"
      },
      "current": {
        "value": 105.4,
        "currency": "GBP",
        "text": "£105.40"
      },
      "saving": {
        "value": 18.6,
        "currency": "GBP",
        "text": "£18.60"
      }
    },
    "objectId": "2873658",
    "brand": "Dolce & Gabbana",
    "attributes": {
      "fragrance_scent": [
        "citrus",
        "sweet"
      ],
      "product_type": "body spray",
      "StockOverrideMessage": "STOCK_COMING_SOON",
      "size": "71-100",
      "gender": "womens",
      "format": "spray",
      "fragrance_type": "eau de parfum",
      "hasPriceAdvantageDeal": false,
      "ProductReviewFlag": "1"
    },
    "variants": {
      "colours": [],
      "hasColours": false,
      "hasSizes": false
    },
    "categories": [
      [
        {
          "name": "new in",
          "label": "new in"
        },
        {
          "name": "fragrance",
          "label": "fragrance"
        },
        {
          "name": "gift",
          "label": "gift"
        }
      ],
      [
        {
          "name": "new in fragrance",
          "label": "new in > new in fragrance"
        },
        {
          "name": "perfume",
          "label": "fragrance > perfume"
        },
        {
          "name": "gifts for her",
          "label": "gift > gifts for her"
        },
        {
          "name": "new in fragrance",
          "label": "fragrance > new in fragrance"
        }
      ],
      [
        {
          "name": "all perfumes",
          "label": "fragrance > perfume > all perfumes"
        },
        {
          "name": "all perfumes",
          "label": "gift > gifts for her > all perfumes"
        }
      ]
    ],
    "reviews": {
      "average": 4.37,
      "count": 252,
      "rounded": 4
    },
    "parent": {
      "product": "2873657",
      "partNumber": "10333462.P",
      "model": "10333462",
      "manufacturerModel": "5773253"
    },
    "images": {
      "thumbnail": "https://boots.scene7.com/is/image/Boots/10333462?wid=45&hei=60&op_sharpen=1"
    },
    "offers": [
      {
        "text": "Save up to 20 percent on selected fragrances"
      }
    ],
    "actions": {},
    "iconUri": "https://boots.scene7.com/is/image/Boots/10333462?op_sharpen=1",
    "title": "Dolce&Gabbana Devotion Eau de Parfum 100ml",
    "referenceUri": "/dolceandgabbana-devotion-eau-de-parfum-100ml-10333462",
    "canAddToBasket": "yes",
    "opticians": false,
    "inStock": true,
    "expressDelivery": false,
    "hasOtherPromotion": true,
    "channelPromotionalTextMap": {
      "-1": [
        "Save up to 20 percent on selected fragrances"
      ],
      "-6": [
        "Save up to 20 percent on selected fragrances"
      ]
    },
    "adCardPoints": 315
  },
  {
    "_id": {
      "$oid": "65ec108d9884656b92f55816"
    },
    "ppuQuantity": "80ML",
    "pricing": {
      "perUnit": "£114.75 per 100ML",
      "regular": {
        "value": 108,
        "currency": "GBP",
        "text": "£108.00"
      },
      "current": {
        "value": 91.8,
        "currency": "GBP",
        "text": "£91.80"
      },
      "saving": {
        "value": 16.2,
        "currency": "GBP",
        "text": "£16.20"
      }
    },
    "objectId": "2533962",
    "brand": "Givenchy",
    "attributes": {
      "fragrance_scent": [
        "floral",
        "woody",
        "spicy"
      ],
      "size": "71-100",
      "StockOverrideMessage": "STOCK_COMING_SOON",
      "fragrance_type": "eau de parfum",
      "hasPriceAdvantageDeal": false,
      "Reporting_Category": "fragrance",
      "ProductReviewFlag": "1"
    },
    "variants": {
      "colours": [],
      "hasColours": false,
      "hasSizes": false
    },
    "categories": [
      [
        {
          "name": "fragrance",
          "label": "fragrance"
        },
        {
          "name": "gift",
          "label": "gift"
        }
      ],
      [
        {
          "name": "perfume",
          "label": "fragrance > perfume"
        },
        {
          "name": "gifts for her",
          "label": "gift > gifts for her"
        }
      ],
      [
        {
          "name": "all perfumes",
          "label": "fragrance > perfume > all perfumes"
        },
        {
          "name": "floral perfume",
          "label": "fragrance > perfume > floral perfume"
        },
        {
          "name": "all perfumes",
          "label": "gift > gifts for her > all perfumes"
        }
      ]
    ],
    "reviews": {
      "average": 4.36,
      "count": 738,
      "rounded": 4
    },
    "parent": {
      "product": "2533961",
      "partNumber": "10294777.P",
      "model": "10294777",
      "manufacturerModel": "4118820"
    },
    "images": {
      "thumbnail": "https://boots.scene7.com/is/image/Boots/10294777?wid=45&hei=60&op_sharpen=1"
    },
    "offers": [
      {
        "text": "Free gift when you buy selected Givenchy - whilst stocks last"
      },
      {
        "text": "Save up to 20 percent on selected fragrances"
      }
    ],
    "actions": {},
    "iconUri": "https://boots.scene7.com/is/image/Boots/10294777?op_sharpen=1",
    "title": "Givenchy L'Interdit Eau de Parfum Rouge 80ml",
    "referenceUri": "/givenchy-linterdit-rouge-eau-de-parfum-80ml-10294777",
    "canAddToBasket": "yes",
    "opticians": false,
    "inStock": true,
    "expressDelivery": false,
    "hasOtherPromotion": true,
    "channelPromotionalTextMap": {
      "-1": [
        "Free gift when you buy selected Givenchy - whilst stocks last",
        "Save up to 20 percent on selected fragrances"
      ],
      "-6": [
        "Free gift when you buy selected Givenchy - whilst stocks last",
        "Save up to 20 percent on selected fragrances"
      ]
    },
    "adCardPoints": 273
  },
  {
    "_id": {
      "$oid": "65ec108d9884656b92f55817"
    },
    "ppuQuantity": "50ML",
    "pricing": {
      "perUnit": "£150.44 per 100ML",
      "regular": {
        "value": 88.5,
        "currency": "GBP",
        "text": "£88.50"
      },
      "current": {
        "value": 75.22,
        "currency": "GBP",
        "text": "£75.22"
      },
      "saving": {
        "value": 13.28,
        "currency": "GBP",
        "text": "£13.28"
      }
    },
    "objectId": "2533960",
    "brand": "Givenchy",
    "attributes": {
      "fragrance_scent": [
        "floral",
        "woody",
        "spicy"
      ],
      "size": "71-100",
      "StockOverrideMessage": "STOCK_COMING_SOON",
      "fragrance_type": "eau de parfum",
      "hasPriceAdvantageDeal": false,
      "Reporting_Category": "fragrance",
      "ProductReviewFlag": "1"
    },
    "variants": {
      "colours": [],
      "hasColours": false,
      "hasSizes": false
    },
    "categories": [
      [
        {
          "name": "beauty & skincare",
          "label": "beauty & skincare"
        },
        {
          "name": "fragrance",
          "label": "fragrance"
        },
        {
          "name": "gift",
          "label": "gift"
        }
      ],
      [
        {
          "name": "perfume",
          "label": "fragrance > perfume"
        },
        {
          "name": "gifts for her",
          "label": "gift > gifts for her"
        },
        {
          "name": "Eid gifts",
          "label": "gift > Eid gifts"
        }
      ],
      [
        {
          "name": "all perfumes",
          "label": "fragrance > perfume > all perfumes"
        },
        {
          "name": "floral perfume",
          "label": "fragrance > perfume > floral perfume"
        },
        {
          "name": "all perfumes",
          "label": "gift > gifts for her > all perfumes"
        }
      ]
    ],
    "reviews": {
      "average": 4.36,
      "count": 742,
      "rounded": 4
    },
    "parent": {
      "product": "2533959",
      "partNumber": "10294776.P",
      "model": "10294776",
      "manufacturerModel": "4118812"
    },
    "images": {
      "thumbnail": "https://boots.scene7.com/is/image/Boots/10294776?wid=45&hei=60&op_sharpen=1"
    },
    "offers": [
      {
        "text": "Free gift when you buy selected Givenchy - whilst stocks last"
      },
      {
        "text": "Save up to 20 percent on selected fragrances"
      }
    ],
    "actions": {},
    "iconUri": "https://boots.scene7.com/is/image/Boots/10294776?op_sharpen=1",
    "title": "Givenchy L'Interdit Eau de Parfum Rouge 50ml",
    "referenceUri": "/givenchy-linterdit-rouge-eau-de-parfum-50ml-10294776",
    "canAddToBasket": "yes",
    "opticians": false,
    "inStock": true,
    "expressDelivery": false,
    "hasOtherPromotion": true,
    "channelPromotionalTextMap": {
      "-1": [
        "Free gift when you buy selected Givenchy - whilst stocks last",
        "Save up to 20 percent on selected fragrances"
      ],
      "-6": [
        "Free gift when you buy selected Givenchy - whilst stocks last",
        "Save up to 20 percent on selected fragrances"
      ]
    },
    "adCardPoints": 225
  },
  {
    "_id": {
      "$oid": "65ec108d9884656b92f55818"
    },
    "ppuQuantity": "60ML",
    "pricing": {
      "perUnit": "£96.67 per 100ML",
      "regular": {
        "value": 58,
        "currency": "GBP",
        "text": "£58.00"
      },
      "current": {
        "value": 58,
        "currency": "GBP",
        "text": "£58.00"
      }
    },
    "objectId": "1647522",
    "brand": "Jimmy Choo",
    "attributes": {
      "fragrance_scent": [
        "musk",
        "fruity",
        "floral"
      ],
      "gender": "womens",
      "StockOverrideMessage": "STOCK_COMING_SOON",
      "size": "51-70",
      "parentCategory_UK": "33071",
      "recipient": "gifts for women",
      "fragrance_type": "eau de parfum",
      "hasPriceAdvantageDeal": false,
      "Reporting_Category": "fragrance",
      "ProductReviewFlag": "1"
    },
    "variants": {
      "colours": [],
      "hasColours": false,
      "hasSizes": false
    },
    "categories": [
      [
        {
          "name": "gift",
          "label": "gift"
        },
        {
          "name": "fragrance",
          "label": "fragrance"
        }
      ],
      [
        {
          "name": "all gifts",
          "label": "gift > all gifts"
        },
        {
          "name": "perfume",
          "label": "fragrance > perfume"
        },
        {
          "name": "recommended",
          "label": "fragrance > recommended"
        },
        {
          "name": "gifts for her",
          "label": "gift > gifts for her"
        }
      ],
      [
        {
          "name": "all perfumes",
          "label": "fragrance > perfume > all perfumes"
        },
        {
          "name": "musky perfume",
          "label": "fragrance > perfume > musky perfume"
        },
        {
          "name": "floral perfume",
          "label": "fragrance > perfume > floral perfume"
        },
        {
          "name": "best summer fragrances",
          "label": "fragrance > recommended > best summer fragrances"
        },
        {
          "name": "all perfumes",
          "label": "gift > gifts for her > all perfumes"
        }
      ]
    ],
    "reviews": {
      "average": 5,
      "count": 4,
      "rounded": 5
    },
    "parent": {
      "product": "1647521",
      "partNumber": "10189882.P",
      "model": "10189882",
      "manufacturerModel": "6177794"
    },
    "images": {
      "thumbnail": "https://boots.scene7.com/is/image/Boots/10189882?wid=45&hei=60&op_sharpen=1"
    },
    "offers": [
      {
        "text": "Free gift when you buy selected Jimmy Choo fragrances - online only, whilst stocks last"
      }
    ],
    "actions": {},
    "iconUri": "https://boots.scene7.com/is/image/Boots/10189882?op_sharpen=1",
    "title": "Jimmy Choo Blossom Eau de Parfum 60ml",
    "referenceUri": "/jimmy-choo-blossom-eau-de-parfum-60ml-10189882",
    "canAddToBasket": "yes",
    "opticians": false,
    "inStock": true,
    "expressDelivery": false,
    "hasOtherPromotion": true,
    "channelPromotionalTextMap": {
      "-1": [
        "Free gift when you buy selected Jimmy Choo fragrances - online only, whilst stocks last"
      ],
      "-6": [
        "Free gift when you buy selected Jimmy Choo fragrances - online only, whilst stocks last"
      ]
    },
    "adCardPoints": 174
  },
  {
    "_id": {
      "$oid": "65ec108d9884656b92f55819"
    },
    "ppuQuantity": "75ML",
    "pricing": {
      "perUnit": "£102.56 per 100ML",
      "regular": {
        "value": 90.5,
        "currency": "GBP",
        "text": "£90.50"
      },
      "current": {
        "value": 76.92,
        "currency": "GBP",
        "text": "£76.92"
      },
      "saving": {
        "value": 13.58,
        "currency": "GBP",
        "text": "£13.58"
      }
    },
    "objectId": "2726314",
    "brand": "Givenchy",
    "attributes": {
      "hasPriceAdvantageDeal": false,
      "StockOverrideMessage": "STOCK_COMING_SOON",
      "ProductReviewFlag": "1"
    },
    "variants": {
      "colours": [],
      "hasColours": false,
      "hasSizes": false
    },
    "categories": [
      [
        {
          "name": "fragrance",
          "label": "fragrance"
        },
        {
          "name": "gift",
          "label": "gift"
        }
      ],
      [
        {
          "name": "5* rated perfumes & aftershaves",
          "label": "fragrance > 5* rated perfumes & aftershaves"
        },
        {
          "name": "perfume",
          "label": "fragrance > perfume"
        },
        {
          "name": "gifts for her",
          "label": "gift > gifts for her"
        }
      ],
      [
        {
          "name": "all perfumes",
          "label": "fragrance > perfume > all perfumes"
        },
        {
          "name": "all perfumes",
          "label": "gift > gifts for her > all perfumes"
        }
      ]
    ],
    "reviews": {
      "average": 4.97,
      "count": 35,
      "rounded": 4
    },
    "parent": {
      "product": "2726313",
      "partNumber": "10318018.P",
      "model": "10318018",
      "manufacturerModel": "4181646"
    },
    "images": {
      "thumbnail": "https://boots.scene7.com/is/image/Boots/10318018?wid=45&hei=60&op_sharpen=1"
    },
    "offers": [
      {
        "text": "Save up to 20 percent on selected fragrances"
      }
    ],
    "actions": {},
    "iconUri": "https://boots.scene7.com/is/image/Boots/10318018?op_sharpen=1",
    "title": "Givenchy Very Irresistible Eau de Toilette 75ml",
    "referenceUri": "/givenchy-very-irr%C3%A9sistible-eau-de-parfum-10318018",
    "canAddToBasket": "yes",
    "opticians": false,
    "inStock": true,
    "expressDelivery": false,
    "hasOtherPromotion": true,
    "channelPromotionalTextMap": {
      "-1": [
        "Save up to 20 percent on selected fragrances"
      ],
      "-6": [
        "Save up to 20 percent on selected fragrances"
      ]
    },
    "adCardPoints": 228
  },
  {
    "_id": {
      "$oid": "65ec108d9884656b92f5581a"
    },
    "ppuQuantity": "75ML",
    "pricing": {
      "perUnit": "£99.73 per 100ML",
      "regular": {
        "value": 88,
        "currency": "GBP",
        "text": "£88.00"
      },
      "current": {
        "value": 74.8,
        "currency": "GBP",
        "text": "£74.80"
      },
      "saving": {
        "value": 13.2,
        "currency": "GBP",
        "text": "£13.20"
      }
    },
    "objectId": "3897",
    "brand": "Estee Lauder",
    "attributes": {
      "fragrance_scent": [
        "jasmine",
        "floral",
        "woody"
      ],
      "StockOverrideMessage": "STOCK_COMING_SOON",
      "size": "71-100",
      "gender": "womens",
      "parentCategory_UK": "33071",
      "fragrance_type": "eau de parfum",
      "hasPriceAdvantageDeal": false,
      "Reporting_Category": "fragrance",
      "ProductReviewFlag": "1"
    },
    "variants": {
      "colours": [],
      "hasColours": false,
      "hasSizes": false
    },
    "categories": [
      [
        {
          "name": "fragrance",
          "label": "fragrance"
        },
        {
          "name": "gift",
          "label": "gift"
        }
      ],
      [
        {
          "name": "perfume",
          "label": "fragrance > perfume"
        },
        {
          "name": "gifts for her",
          "label": "gift > gifts for her"
        }
      ],
      [
        {
          "name": "all perfumes",
          "label": "fragrance > perfume > all perfumes"
        },
        {
          "name": "floral perfume",
          "label": "fragrance > perfume > floral perfume"
        },
        {
          "name": "all perfumes",
          "label": "gift > gifts for her > all perfumes"
        }
      ]
    ],
    "reviews": {
      "average": 4.86,
      "count": 435,
      "rounded": 4
    },
    "parent": {
      "product": "3896",
      "partNumber": "10013647.P",
      "model": "10013647",
      "manufacturerModel": "1919342"
    },
    "images": {
      "thumbnail": "https://boots.scene7.com/is/image/Boots/10013647?wid=45&hei=60&op_sharpen=1"
    },
    "offers": [
      {
        "text": "Save up to 20 percent on selected fragrances"
      }
    ],
    "actions": {},
    "iconUri": "https://boots.scene7.com/is/image/Boots/10013647?op_sharpen=1",
    "title": "Estée Lauder Knowing Eau de Parfum 75ml",
    "referenceUri": "/estee-lauder-knowing-eau-de-parfum-spray-75ml-10013647",
    "canAddToBasket": "yes",
    "opticians": false,
    "inStock": true,
    "expressDelivery": false,
    "hasOtherPromotion": true,
    "channelPromotionalTextMap": {
      "-1": [
        "Save up to 20 percent on selected fragrances"
      ],
      "-6": [
        "Save up to 20 percent on selected fragrances"
      ]
    },
    "adCardPoints": 222
  },
  {
    "_id": {
      "$oid": "65ec108d9884656b92f5581b"
    },
    "ppuQuantity": "30ML",
    "pricing": {
      "perUnit": "£204.00 per 100ML",
      "regular": {
        "value": 72,
        "currency": "GBP",
        "text": "£72.00"
      },
      "current": {
        "value": 61.2,
        "currency": "GBP",
        "text": "£61.20"
      },
      "saving": {
        "value": 10.8,
        "currency": "GBP",
        "text": "£10.80"
      }
    },
    "objectId": "2822651",
    "brand": "Valentino",
    "attributes": {
      "fragrance_scent": [
        "floral",
        "sweet"
      ],
      "StockOverrideMessage": "STOCK_COMING_SOON",
      "gender": "womens",
      "size": "21-30",
      "fragrance_type": "eau de parfum",
      "hasPriceAdvantageDeal": false,
      "ProductReviewFlag": "1"
    },
    "variants": {
      "colours": [],
      "hasColours": false,
      "hasSizes": false
    },
    "categories": [
      [
        {
          "name": "new in",
          "label": "new in"
        },
        {
          "name": "fragrance",
          "label": "fragrance"
        },
        {
          "name": "gift",
          "label": "gift"
        }
      ],
      [
        {
          "name": "new in fragrance",
          "label": "new in > new in fragrance"
        },
        {
          "name": "perfume",
          "label": "fragrance > perfume"
        },
        {
          "name": "gifts for her",
          "label": "gift > gifts for her"
        },
        {
          "name": "new in fragrance",
          "label": "fragrance > new in fragrance"
        },
        {
          "name": "brands",
          "label": "fragrance > brands"
        },
        {
          "name": "5* rated perfumes & aftershaves",
          "label": "fragrance > 5* rated perfumes & aftershaves"
        }
      ],
      [
        {
          "name": "all perfumes",
          "label": "fragrance > perfume > all perfumes"
        },
        {
          "name": "floral perfume",
          "label": "fragrance > perfume > floral perfume"
        },
        {
          "name": "all perfumes",
          "label": "gift > gifts for her > all perfumes"
        }
      ]
    ],
    "reviews": {
      "average": 4.84,
      "count": 823,
      "rounded": 4
    },
    "parent": {
      "product": "2822650",
      "partNumber": "10326987.P",
      "model": "10326987",
      "manufacturerModel": "5449936"
    },
    "images": {
      "thumbnail": "https://boots.scene7.com/is/image/Boots/10326987?wid=45&hei=60&op_sharpen=1"
    },
    "offers": [
      {
        "text": "Save up to 20 percent on selected fragrances"
      }
    ],
    "actions": {},
    "iconUri": "https://boots.scene7.com/is/image/Boots/10326987?op_sharpen=1",
    "title": "Valentino Born in Roma Donna Eau de Parfum Intense 30ml",
    "referenceUri": "/valentino-born-in-roma-donna-eau-de-parfum-intense-30ml-10326987",
    "canAddToBasket": "yes",
    "opticians": false,
    "inStock": true,
    "expressDelivery": false,
    "hasOtherPromotion": true,
    "channelPromotionalTextMap": {
      "-1": [
        "Save up to 20 percent on selected fragrances"
      ],
      "-6": [
        "Save up to 20 percent on selected fragrances"
      ]
    },
    "adCardPoints": 183
  },
  {
    "_id": {
      "$oid": "65ec108d9884656b92f5581c"
    },
    "ppuQuantity": "30ML",
    "pricing": {
      "perUnit": "£192.67 per 100ML",
      "regular": {
        "value": 68,
        "currency": "GBP",
        "text": "£68.00"
      },
      "current": {
        "value": 57.8,
        "currency": "GBP",
        "text": "£57.80"
      },
      "saving": {
        "value": 10.2,
        "currency": "GBP",
        "text": "£10.20"
      }
    },
    "objectId": "1822211",
    "brand": "Christian Dior",
    "attributes": {
      "fragrance_scent": [
        "floral",
        "fruity"
      ],
      "StockOverrideMessage": "SOLD_OUT",
      "size": "21-30",
      "gender": "womens",
      "parentCategory_UK": "33071",
      "fragrance_type": "eau de parfum",
      "hasPriceAdvantageDeal": false,
      "Reporting_Category": "fragrance",
      "ProductReviewFlag": "1"
    },
    "variants": {
      "colours": [],
      "hasColours": false,
      "hasSizes": false
    },
    "categories": [
      [
        {
          "name": "fragrance",
          "label": "fragrance"
        },
        {
          "name": "gift",
          "label": "gift"
        }
      ],
      [
        {
          "name": "5* rated perfumes & aftershaves",
          "label": "fragrance > 5* rated perfumes & aftershaves"
        },
        {
          "name": "perfume",
          "label": "fragrance > perfume"
        },
        {
          "name": "fragrance offers",
          "label": "fragrance > fragrance offers"
        },
        {
          "name": "gifts for her",
          "label": "gift > gifts for her"
        }
      ],
      [
        {
          "name": "all perfumes",
          "label": "fragrance > perfume > all perfumes"
        },
        {
          "name": "floral perfume",
          "label": "fragrance > perfume > floral perfume"
        },
        {
          "name": "Save 15% on 100s of fragrances",
          "label": "fragrance > fragrance offers > Save 15% on 100s of fragrances"
        },
        {
          "name": "all perfumes",
          "label": "gift > gifts for her > all perfumes"
        }
      ]
    ],
    "reviews": {
      "average": 4.81,
      "count": 73,
      "rounded": 4
    },
    "parent": {
      "product": "1822210",
      "partNumber": "10213180.P",
      "model": "10213180",
      "manufacturerModel": "6546285"
    },
    "images": {
      "thumbnail": "https://boots.scene7.com/is/image/Boots/10213180?wid=45&hei=60&op_sharpen=1"
    },
    "offers": [
      {
        "text": "Save up to 20 percent on selected fragrances"
      }
    ],
    "actions": {},
    "iconUri": "https://boots.scene7.com/is/image/Boots/10213180?op_sharpen=1",
    "title": "DIOR Poison Girl Eau de Parfum Spray 30ml",
    "referenceUri": "/dior-poison-girl-eau-de-parfum-spray-30ml-10213180",
    "canAddToBasket": "yes",
    "opticians": false,
    "inStock": true,
    "expressDelivery": false,
    "hasOtherPromotion": true,
    "channelPromotionalTextMap": {
      "-1": [
        "Save up to 20 percent on selected fragrances"
      ],
      "-6": [
        "Save up to 20 percent on selected fragrances"
      ]
    },
    "adCardPoints": 171
  },
  {
    "_id": {
      "$oid": "65ec108d9884656b92f5581d"
    },
    "ppuQuantity": "30ML",
    "pricing": {
      "perUnit": "£195.50 per 100ML",
      "regular": {
        "value": 69,
        "currency": "GBP",
        "text": "£69.00"
      },
      "current": {
        "value": 58.65,
        "currency": "GBP",
        "text": "£58.65"
      },
      "saving": {
        "value": 10.35,
        "currency": "GBP",
        "text": "£10.35"
      }
    },
    "objectId": "1749841",
    "brand": "Valentino",
    "attributes": {
      "fragrance_scent": [
        "amber",
        "vanilla",
        "floral"
      ],
      "size": "21-30",
      "gender": "womens",
      "StockOverrideMessage": "STOCK_COMING_SOON",
      "fragrance_type": "eau de parfum",
      "format": "spray",
      "hasPriceAdvantageDeal": false,
      "Reporting_Category": "fragrance",
      "ProductReviewFlag": "1"
    },
    "variants": {
      "colours": [],
      "hasColours": false,
      "hasSizes": false
    },
    "categories": [
      [
        {
          "name": "fragrance",
          "label": "fragrance"
        },
        {
          "name": "gift",
          "label": "gift"
        }
      ],
      [
        {
          "name": "perfume",
          "label": "fragrance > perfume"
        },
        {
          "name": "fragrance offers",
          "label": "fragrance > fragrance offers"
        },
        {
          "name": "gifts for her",
          "label": "gift > gifts for her"
        }
      ],
      [
        {
          "name": "all perfumes",
          "label": "fragrance > perfume > all perfumes"
        },
        {
          "name": "vanilla perfume",
          "label": "fragrance > perfume > vanilla perfume"
        },
        {
          "name": "floral perfume",
          "label": "fragrance > perfume > floral perfume"
        },
        {
          "name": "amber perfume",
          "label": "fragrance > perfume > amber perfume"
        },
        {
          "name": "Save 15% on 100s of fragrances",
          "label": "fragrance > fragrance offers > Save 15% on 100s of fragrances"
        },
        {
          "name": "all perfumes",
          "label": "gift > gifts for her > all perfumes"
        }
      ]
    ],
    "reviews": {
      "average": 4.74,
      "count": 1113,
      "rounded": 4
    },
    "parent": {
      "product": "1749840",
      "partNumber": "10205069.P",
      "model": "10205069",
      "manufacturerModel": "6366392"
    },
    "images": {
      "thumbnail": "https://boots.scene7.com/is/image/Boots/10205069?wid=45&hei=60&op_sharpen=1"
    },
    "offers": [
      {
        "text": "Save up to 20 percent on selected fragrances"
      }
    ],
    "actions": {},
    "iconUri": "https://boots.scene7.com/is/image/Boots/10205069?op_sharpen=1",
    "title": "Valentino Donna Eau de Parfum 30ml",
    "referenceUri": "/valentino-donna-edp-30ml-10205069",
    "canAddToBasket": "yes",
    "opticians": false,
    "inStock": true,
    "expressDelivery": false,
    "hasOtherPromotion": true,
    "channelPromotionalTextMap": {
      "-1": [
        "Save up to 20 percent on selected fragrances"
      ],
      "-6": [
        "Save up to 20 percent on selected fragrances"
      ]
    },
    "adCardPoints": 174
  },
  {
    "_id": {
      "$oid": "65ec108d9884656b92f5581e"
    },
    "ppuQuantity": "50ML",
    "pricing": {
      "perUnit": "£144.00 per 100ML",
      "regular": {
        "value": 90,
        "currency": "GBP",
        "text": "£90.00"
      },
      "current": {
        "value": 72,
        "currency": "GBP",
        "text": "£72.00"
      },
      "saving": {
        "value": 18,
        "currency": "GBP",
        "text": "£18.00"
      }
    },
    "objectId": "2095955",
    "brand": "Chloe",
    "attributes": {
      "fragrance_scent": "woody",
      "StockOverrideMessage": "STOCK_COMING_SOON",
      "gender": "womens",
      "fragrance_type": "eau de parfum",
      "hasPriceAdvantageDeal": false,
      "Reporting_Category": "fragrance",
      "ProductReviewFlag": "1"
    },
    "variants": {
      "colours": [],
      "hasColours": false,
      "hasSizes": false
    },
    "categories": [
      [
        {
          "name": "fragrance",
          "label": "fragrance"
        },
        {
          "name": "gift",
          "label": "gift"
        }
      ],
      [
        {
          "name": "5* rated perfumes & aftershaves",
          "label": "fragrance > 5* rated perfumes & aftershaves"
        },
        {
          "name": "perfume",
          "label": "fragrance > perfume"
        },
        {
          "name": "gifts for her",
          "label": "gift > gifts for her"
        },
        {
          "name": "fragrance offers",
          "label": "fragrance > fragrance offers"
        }
      ],
      [
        {
          "name": "all perfumes",
          "label": "fragrance > perfume > all perfumes"
        },
        {
          "name": "all perfumes",
          "label": "gift > gifts for her > all perfumes"
        }
      ]
    ],
    "reviews": {
      "average": 4.73,
      "count": 624,
      "rounded": 4
    },
    "parent": {
      "product": "2095954",
      "partNumber": "10293453.P",
      "model": "10293453",
      "manufacturerModel": "8087482"
    },
    "images": {
      "thumbnail": "https://boots.scene7.com/is/image/Boots/10293453?wid=45&hei=60&op_sharpen=1"
    },
    "offers": [
      {
        "text": "Free gift when you buy selected Chloe fragrances - while stocks last"
      },
      {
        "text": "Free gift when you buy selected Chloe fragrance - online only, whilst stocks last"
      },
      {
        "text": "Save up to 20 percent on selected fragrances"
      }
    ],
    "actions": {},
    "iconUri": "https://boots.scene7.com/is/image/Boots/10293453?op_sharpen=1",
    "title": "Chloé Nomade Eau de Parfum 50ml",
    "referenceUri": "/chloe-nomade-edp-50ml-10293453",
    "canAddToBasket": "yes",
    "opticians": false,
    "inStock": true,
    "expressDelivery": false,
    "hasOtherPromotion": true,
    "channelPromotionalTextMap": {
      "-1": [
        "Free gift when you buy selected Chloe fragrances - while stocks last",
        "Free gift when you buy selected Chloe fragrance - online only, whilst stocks last",
        "Save up to 20 percent on selected fragrances"
      ],
      "-6": [
        "Free gift when you buy selected Chloe fragrances - while stocks last",
        "Free gift when you buy selected Chloe fragrance - online only, whilst stocks last",
        "Save up to 20 percent on selected fragrances"
      ]
    },
    "adCardPoints": 216
  },
  {
    "_id": {
      "$oid": "65ec108d9884656b92f5581f"
    },
    "ppuQuantity": "100ML",
    "pricing": {
      "perUnit": "£53.00 per 100ML",
      "regular": {
        "value": 53,
        "currency": "GBP",
        "text": "£53.00"
      },
      "current": {
        "value": 53,
        "currency": "GBP",
        "text": "£53.00"
      }
    },
    "objectId": "2728167",
    "brand": "Ariana Grande",
    "attributes": {
      "fragrance_scent": [
        "floral",
        "vanilla",
        "musk",
        "fruity"
      ],
      "StockOverrideMessage": "STOCK_COMING_SOON",
      "size": "71-100",
      "gender": "womens",
      "fragrance_type": "eau de parfum",
      "hasPriceAdvantageDeal": false,
      "ProductReviewFlag": "1"
    },
    "variants": {
      "colours": [],
      "hasColours": false,
      "hasSizes": false
    },
    "categories": [
      [
        {
          "name": "fragrance",
          "label": "fragrance"
        },
        {
          "name": "sun & holiday",
          "label": "sun & holiday"
        },
        {
          "name": "gift",
          "label": "gift"
        }
      ],
      [
        {
          "name": "perfume",
          "label": "fragrance > perfume"
        },
        {
          "name": "love island",
          "label": "sun & holiday > love island"
        },
        {
          "name": "gifts for her",
          "label": "gift > gifts for her"
        },
        {
          "name": "celebrity fragrance",
          "label": "fragrance > celebrity fragrance"
        },
        {
          "name": "5* rated perfumes & aftershaves",
          "label": "fragrance > 5* rated perfumes & aftershaves"
        }
      ],
      [
        {
          "name": "all perfumes",
          "label": "fragrance > perfume > all perfumes"
        },
        {
          "name": "shop the love island villa",
          "label": "sun & holiday > love island > shop the love island villa"
        },
        {
          "name": "all perfumes",
          "label": "gift > gifts for her > all perfumes"
        }
      ]
    ],
    "reviews": {
      "average": 4.71,
      "count": 72,
      "rounded": 4
    },
    "parent": {
      "product": "2728166",
      "partNumber": "10318252.P",
      "model": "10318252",
      "manufacturerModel": "4221214"
    },
    "images": {
      "thumbnail": "https://boots.scene7.com/is/image/Boots/10318252?wid=45&hei=60&op_sharpen=1"
    },
    "offers": [],
    "actions": {},
    "iconUri": "https://boots.scene7.com/is/image/Boots/10318252?op_sharpen=1",
    "title": "Ariana Grande CLOUD 2.0 Intense Eau de Parfum 100ml",
    "referenceUri": "/ariana-grande-cloud-intense-2-0-eau-de-parfum-100ml-10318252",
    "canAddToBasket": "yes",
    "opticians": false,
    "inStock": true,
    "expressDelivery": false,
    "hasOtherPromotion": false,
    "channelPromotionalTextMap": {
      "-1": [],
      "-6": []
    },
    "adCardPoints": 159
  },
  {
    "_id": {
      "$oid": "65ec108d9884656b92f55820"
    },
    "ppuQuantity": "100ML",
    "pricing": {
      "perUnit": "£96.90 per 100ML",
      "regular": {
        "value": 114,
        "currency": "GBP",
        "text": "£114.00"
      },
      "current": {
        "value": 96.9,
        "currency": "GBP",
        "text": "£96.90"
      },
      "saving": {
        "value": 17.1,
        "currency": "GBP",
        "text": "£17.10"
      }
    },
    "objectId": "2220098",
    "brand": "Christian Dior",
    "attributes": {
      "fragrance_scent": "floral",
      "StockOverrideMessage": "STOCK_COMING_SOON",
      "size": "71-100",
      "gender": "womens",
      "fragrance_type": "eau de toilette",
      "hasPriceAdvantageDeal": false,
      "Reporting_Category": "fragrance",
      "ProductReviewFlag": "1"
    },
    "variants": {
      "colours": [],
      "hasColours": false,
      "hasSizes": false
    },
    "categories": [
      [
        {
          "name": "fragrance",
          "label": "fragrance"
        },
        {
          "name": "gift",
          "label": "gift"
        }
      ],
      [
        {
          "name": "perfume",
          "label": "fragrance > perfume"
        },
        {
          "name": "fragrance offers",
          "label": "fragrance > fragrance offers"
        },
        {
          "name": "gifts for her",
          "label": "gift > gifts for her"
        }
      ],
      [
        {
          "name": "all perfumes",
          "label": "fragrance > perfume > all perfumes"
        },
        {
          "name": "floral perfume",
          "label": "fragrance > perfume > floral perfume"
        },
        {
          "name": "Save 15% on 100s of fragrances",
          "label": "fragrance > fragrance offers > Save 15% on 100s of fragrances"
        },
        {
          "name": "all perfumes",
          "label": "gift > gifts for her > all perfumes"
        }
      ]
    ],
    "reviews": {
      "average": 4.71,
      "count": 953,
      "rounded": 4
    },
    "parent": {
      "product": "2220097",
      "partNumber": "10259485.P",
      "model": "10259485",
      "manufacturerModel": "8410801"
    },
    "images": {
      "thumbnail": "https://boots.scene7.com/is/image/Boots/10259485?wid=45&hei=60&op_sharpen=1"
    },
    "offers": [
      {
        "text": "Save up to 20 percent on selected fragrances"
      }
    ],
    "actions": {},
    "iconUri": "https://boots.scene7.com/is/image/Boots/10259485?op_sharpen=1",
    "title": "DIOR Miss Dior Eau de Toilette 100ml",
    "referenceUri": "/dior-miss-dior-eau-de-toilette-100ml-10259485",
    "canAddToBasket": "yes",
    "opticians": false,
    "inStock": true,
    "expressDelivery": false,
    "hasOtherPromotion": true,
    "channelPromotionalTextMap": {
      "-1": [
        "Save up to 20 percent on selected fragrances"
      ],
      "-6": [
        "Save up to 20 percent on selected fragrances"
      ]
    },
    "adCardPoints": 288
  },
  {
    "_id": {
      "$oid": "65ec108d9884656b92f55821"
    },
    "ppuQuantity": "100ML",
    "pricing": {
      "perUnit": "£68.00 per 100ML",
      "regular": {
        "value": 85,
        "currency": "GBP",
        "text": "£85.00"
      },
      "current": {
        "value": 68,
        "currency": "GBP",
        "text": "£68.00"
      },
      "saving": {
        "value": 17,
        "currency": "GBP",
        "text": "£17.00"
      }
    },
    "objectId": "20274",
    "brand": "Calvin Klein",
    "attributes": {
      "fragrance_scent": [
        "amber",
        "woody",
        "floral"
      ],
      "gender": "womens",
      "StockOverrideMessage": "STOCK_COMING_SOON",
      "size": "71-100",
      "Size": [
        "100ml",
        "100 ml"
      ],
      "parentCategory_UK": "33071",
      "fragrance_type": "eau de parfum",
      "recipient": "gifts for women",
      "hasPriceAdvantageDeal": false,
      "Reporting_Category": "fragrance",
      "gift_type": "fragrance gifts",
      "ProductReviewFlag": "1"
    },
    "variants": {
      "colours": [],
      "hasColours": false,
      "hasSizes": false
    },
    "categories": [
      [
        {
          "name": "gift",
          "label": "gift"
        },
        {
          "name": "fragrance",
          "label": "fragrance"
        }
      ],
      [
        {
          "name": "all gifts",
          "label": "gift > all gifts"
        },
        {
          "name": "perfume",
          "label": "fragrance > perfume"
        },
        {
          "name": "fragrance offers",
          "label": "fragrance > fragrance offers"
        },
        {
          "name": "gifts for her",
          "label": "gift > gifts for her"
        },
        {
          "name": "5* rated perfumes & aftershaves",
          "label": "fragrance > 5* rated perfumes & aftershaves"
        }
      ],
      [
        {
          "name": "all perfumes",
          "label": "fragrance > perfume > all perfumes"
        },
        {
          "name": "floral perfume",
          "label": "fragrance > perfume > floral perfume"
        },
        {
          "name": "amber perfume",
          "label": "fragrance > perfume > amber perfume"
        },
        {
          "name": "Save 15% on 100s of fragrances",
          "label": "fragrance > fragrance offers > Save 15% on 100s of fragrances"
        },
        {
          "name": "all perfumes",
          "label": "gift > gifts for her > all perfumes"
        }
      ]
    ],
    "reviews": {
      "average": 4.69,
      "count": 1223,
      "rounded": 4
    },
    "parent": {
      "product": "20273",
      "partNumber": "10048612.P",
      "model": "10048612",
      "manufacturerModel": "2886707"
    },
    "images": {
      "thumbnail": "https://boots.scene7.com/is/image/Boots/10048612?wid=45&hei=60&op_sharpen=1"
    },
    "offers": [
      {
        "text": "Save up to 20 percent on selected fragrances"
      }
    ],
    "actions": {},
    "iconUri": "https://boots.scene7.com/is/image/Boots/10048612?op_sharpen=1",
    "title": "Calvin Klein Euphoria for Women Eau de Parfum 100ml",
    "referenceUri": "/calvin-klein-euphoria-eau-de-parfum-100ml-10048612",
    "canAddToBasket": "yes",
    "opticians": false,
    "inStock": true,
    "expressDelivery": false,
    "hasOtherPromotion": true,
    "channelPromotionalTextMap": {
      "-1": [
        "Save up to 20 percent on selected fragrances"
      ],
      "-6": [
        "Save up to 20 percent on selected fragrances"
      ]
    },
    "adCardPoints": 204
  },
  {
    "_id": {
      "$oid": "65ec108d9884656b92f55822"
    },
    "ppuQuantity": "80ML",
    "pricing": {
      "perUnit": "£140.63 per 100ML",
      "regular": {
        "value": 112.5,
        "currency": "GBP",
        "text": "£112.50"
      },
      "current": {
        "value": 112.5,
        "currency": "GBP",
        "text": "£112.50"
      }
    },
    "objectId": "2096059",
    "brand": "Carolina Herrera",
    "attributes": {
      "fragrance_scent": "jasmine",
      "size": "71-100",
      "StockOverrideMessage": "STOCK_COMING_SOON",
      "gender": "womens",
      "fragrance_type": "eau de parfum",
      "hasPriceAdvantageDeal": false,
      "Reporting_Category": "fragrance",
      "ProductReviewFlag": "1"
    },
    "variants": {
      "colours": [],
      "hasColours": false,
      "hasSizes": false
    },
    "categories": [
      [
        {
          "name": "fragrance",
          "label": "fragrance"
        },
        {
          "name": "gift",
          "label": "gift"
        }
      ],
      [
        {
          "name": "5* rated perfumes & aftershaves",
          "label": "fragrance > 5* rated perfumes & aftershaves"
        },
        {
          "name": "perfume",
          "label": "fragrance > perfume"
        },
        {
          "name": "fragrance offers",
          "label": "fragrance > fragrance offers"
        },
        {
          "name": "gifts for her",
          "label": "gift > gifts for her"
        }
      ],
      [
        {
          "name": "all perfumes",
          "label": "fragrance > perfume > all perfumes"
        },
        {
          "name": "Triple points on top scents",
          "label": "fragrance > fragrance offers > Triple points on top scents"
        },
        {
          "name": "all perfumes",
          "label": "gift > gifts for her > all perfumes"
        }
      ]
    ],
    "reviews": {
      "average": 4.63,
      "count": 818,
      "rounded": 4
    },
    "parent": {
      "product": "2096058",
      "partNumber": "10243599.P",
      "model": "10243599",
      "manufacturerModel": "7983468"
    },
    "images": {
      "thumbnail": "https://boots.scene7.com/is/image/Boots/10243599?wid=45&hei=60&op_sharpen=1"
    },
    "offers": [
      {
        "text": "Free gift when you buy selected Carolina Herrera - whilst stocks last"
      }
    ],
    "actions": {},
    "iconUri": "https://boots.scene7.com/is/image/Boots/10243599?op_sharpen=1",
    "title": "Carolina Herrera Good Girl Eau de Parfum 80ml",
    "referenceUri": "/Carolina-Herrera-Good-Girl-Eau-de-Parfum-80ml-10243599",
    "canAddToBasket": "yes",
    "opticians": false,
    "inStock": true,
    "expressDelivery": false,
    "hasOtherPromotion": true,
    "channelPromotionalTextMap": {
      "-1": [
        "Free gift when you buy selected Carolina Herrera - whilst stocks last"
      ],
      "-6": [
        "Free gift when you buy selected Carolina Herrera - whilst stocks last"
      ]
    },
    "adCardPoints": 336
  },
  {
    "_id": {
      "$oid": "65ec108d9884656b92f55823"
    },
    "ppuQuantity": "60ML",
    "pricing": {
      "perUnit": "£110.00 per 100ML",
      "regular": {
        "value": 66,
        "currency": "GBP",
        "text": "£66.00"
      },
      "current": {
        "value": 66,
        "currency": "GBP",
        "text": "£66.00"
      }
    },
    "objectId": "1154900",
    "brand": "Jimmy Choo",
    "attributes": {
      "fragrance_scent": [
        "sweet",
        "woody",
        "floral",
        "aromatic",
        "fruity",
        "spicy"
      ],
      "size": "51-70",
      "gender": "womens",
      "StockOverrideMessage": "STOCK_COMING_SOON",
      "parentCategory_UK": "33071",
      "recipient": "gifts for women",
      "fragrance_type": "eau de parfum",
      "hasPriceAdvantageDeal": false,
      "Reporting_Category": "fragrance",
      "gift_type": "fragrance gifts",
      "ProductReviewFlag": "1"
    },
    "variants": {
      "colours": [],
      "hasColours": false,
      "hasSizes": false
    },
    "categories": [
      [
        {
          "name": "fragrance",
          "label": "fragrance"
        },
        {
          "name": "gift",
          "label": "gift"
        }
      ],
      [
        {
          "name": "perfume",
          "label": "fragrance > perfume"
        },
        {
          "name": "gifts for her",
          "label": "gift > gifts for her"
        }
      ],
      [
        {
          "name": "all perfumes",
          "label": "fragrance > perfume > all perfumes"
        },
        {
          "name": "floral perfume",
          "label": "fragrance > perfume > floral perfume"
        },
        {
          "name": "all perfumes",
          "label": "gift > gifts for her > all perfumes"
        }
      ]
    ],
    "reviews": {
      "average": 4.6,
      "count": 428,
      "rounded": 4
    },
    "parent": {
      "product": "1154899",
      "partNumber": "10118948.P",
      "model": "10118948",
      "manufacturerModel": "4841026"
    },
    "images": {
      "thumbnail": "https://boots.scene7.com/is/image/Boots/10118948?wid=45&hei=60&op_sharpen=1"
    },
    "offers": [
      {
        "text": "Free gift when you buy selected Jimmy Choo fragrances - online only, whilst stocks last"
      }
    ],
    "actions": {},
    "iconUri": "https://boots.scene7.com/is/image/Boots/10118948?op_sharpen=1",
    "title": "Jimmy Choo Eau de Parfum 60ml",
    "referenceUri": "/jimmy-choo-eau-de-parfum-60ml-10118948",
    "canAddToBasket": "yes",
    "opticians": false,
    "inStock": true,
    "expressDelivery": false,
    "hasOtherPromotion": true,
    "channelPromotionalTextMap": {
      "-1": [
        "Free gift when you buy selected Jimmy Choo fragrances - online only, whilst stocks last"
      ],
      "-6": [
        "Free gift when you buy selected Jimmy Choo fragrances - online only, whilst stocks last"
      ]
    },
    "adCardPoints": 198
  },
  {
    "_id": {
      "$oid": "65ec108d9884656b92f55824"
    },
    "ppuQuantity": "30ML",
    "pricing": {
      "perUnit": "£189.83 per 100ML",
      "regular": {
        "value": 67,
        "currency": "GBP",
        "text": "£67.00"
      },
      "current": {
        "value": 56.95,
        "currency": "GBP",
        "text": "£56.95"
      },
      "saving": {
        "value": 10.05,
        "currency": "GBP",
        "text": "£10.05"
      }
    },
    "objectId": "31498",
    "brand": "Giorgio Armani",
    "attributes": {
      "fragrance_scent": [
        "vanilla",
        "amber",
        "jasmine",
        "floral"
      ],
      "gender": "womens",
      "size": "21-30",
      "StockOverrideMessage": "STOCK_COMING_SOON",
      "Size": [
        "30 ml",
        "30ml"
      ],
      "parentCategory_UK": "33071",
      "fragrance_type": "eau de parfum",
      "hasPriceAdvantageDeal": false,
      "Reporting_Category": "fragrance",
      "ProductReviewFlag": "1"
    },
    "variants": {
      "colours": [],
      "hasColours": false,
      "hasSizes": false
    },
    "categories": [
      [
        {
          "name": "fragrance",
          "label": "fragrance"
        },
        {
          "name": "gift",
          "label": "gift"
        }
      ],
      [
        {
          "name": "perfume",
          "label": "fragrance > perfume"
        },
        {
          "name": "fragrance offers",
          "label": "fragrance > fragrance offers"
        },
        {
          "name": "gifts for her",
          "label": "gift > gifts for her"
        }
      ],
      [
        {
          "name": "all perfumes",
          "label": "fragrance > perfume > all perfumes"
        },
        {
          "name": "vanilla perfume",
          "label": "fragrance > perfume > vanilla perfume"
        },
        {
          "name": "floral perfume",
          "label": "fragrance > perfume > floral perfume"
        },
        {
          "name": "amber perfume",
          "label": "fragrance > perfume > amber perfume"
        },
        {
          "name": "Save 15% on 100s of fragrances",
          "label": "fragrance > fragrance offers > Save 15% on 100s of fragrances"
        },
        {
          "name": "all perfumes",
          "label": "gift > gifts for her > all perfumes"
        }
      ]
    ],
    "reviews": {
      "average": 4.54,
      "count": 451,
      "rounded": 4
    },
    "parent": {
      "product": "31497",
      "partNumber": "10058929.P",
      "model": "10058929",
      "manufacturerModel": "5055946"
    },
    "images": {
      "thumbnail": "https://boots.scene7.com/is/image/Boots/10058929?wid=45&hei=60&op_sharpen=1"
    },
    "offers": [
      {
        "text": "Save up to 20 percent on selected fragrances"
      }
    ],
    "actions": {},
    "iconUri": "https://boots.scene7.com/is/image/Boots/10058929?op_sharpen=1",
    "title": "Giorgio Armani Code for Women Eau de Parfum 30ml",
    "referenceUri": "/giorgio-armani-code-for-women-eau-de-parfum-30ml-10058929",
    "canAddToBasket": "yes",
    "opticians": false,
    "inStock": true,
    "expressDelivery": false,
    "hasOtherPromotion": true,
    "channelPromotionalTextMap": {
      "-1": [
        "Save up to 20 percent on selected fragrances"
      ],
      "-6": [
        "Save up to 20 percent on selected fragrances"
      ]
    },
    "adCardPoints": 168
  },
  {
    "_id": {
      "$oid": "65ec108d9884656b92f55825"
    },
    "ppuQuantity": "50ML",
    "pricing": {
      "perUnit": "£218.00 per 100ML",
      "regular": {
        "value": 109,
        "currency": "GBP",
        "text": "£109.00"
      },
      "current": {
        "value": 109,
        "currency": "GBP",
        "text": "£109.00"
      }
    },
    "objectId": "2933125",
    "brand": "Carolina Herrera",
    "attributes": {
      "fragrance_scent": "floral",
      "product_type": "body spray",
      "gender": "womens",
      "StockOverrideMessage": "STOCK_COMING_SOON",
      "fragrance_type": "eau de parfum",
      "hasPriceAdvantageDeal": false,
      "ProductReviewFlag": "1"
    },
    "variants": {
      "colours": [],
      "hasColours": false,
      "hasSizes": false
    },
    "categories": [
      [
        {
          "name": "new in",
          "label": "new in"
        },
        {
          "name": "fragrance",
          "label": "fragrance"
        },
        {
          "name": "gift",
          "label": "gift"
        },
        {
          "name": "mother's day",
          "label": "mother's day"
        }
      ],
      [
        {
          "name": "perfume",
          "label": "fragrance > perfume"
        },
        {
          "name": "gifts for her",
          "label": "gift > gifts for her"
        },
        {
          "name": "luxury fragrance",
          "label": "fragrance > luxury fragrance"
        },
        {
          "name": "new in fragrance",
          "label": "fragrance > new in fragrance"
        },
        {
          "name": "elixir fragrances",
          "label": "fragrance > elixir fragrances"
        },
        {
          "name": "shop all",
          "label": "mother's day > shop all"
        },
        {
          "name": "new in fragrance",
          "label": "new in > new in fragrance"
        },
        {
          "name": "new brands",
          "label": "new in > new brands"
        }
      ],
      [
        {
          "name": "all perfumes",
          "label": "fragrance > perfume > all perfumes"
        },
        {
          "name": "vanilla perfume",
          "label": "fragrance > perfume > vanilla perfume"
        },
        {
          "name": "floral perfume",
          "label": "fragrance > perfume > floral perfume"
        },
        {
          "name": "amber perfume",
          "label": "fragrance > perfume > amber perfume"
        },
        {
          "name": "all perfumes",
          "label": "gift > gifts for her > all perfumes"
        }
      ]
    ],
    "reviews": {
      "average": 4.41,
      "count": 349,
      "rounded": 4
    },
    "parent": {
      "product": "2933124",
      "partNumber": "10340240.P",
      "model": "10340240",
      "manufacturerModel": "2292505"
    },
    "images": {
      "thumbnail": "https://boots.scene7.com/is/image/Boots/10340240?wid=45&hei=60&op_sharpen=1"
    },
    "offers": [
      {
        "text": "Free gift when you buy selected Carolina Herrera - whilst stocks last"
      }
    ],
    "actions": {},
    "iconUri": "https://boots.scene7.com/is/image/Boots/10340240?op_sharpen=1",
    "title": "Carolina Herrera Good Girl Blush Elixir Eau de Parfum 50ml",
    "referenceUri": "/carolina-herrera-good-girl-blush-elixir-eau-de-parfum-50-ml-10340240",
    "canAddToBasket": "yes",
    "opticians": false,
    "inStock": true,
    "expressDelivery": false,
    "hasOtherPromotion": true,
    "channelPromotionalTextMap": {
      "-1": [
        "Free gift when you buy selected Carolina Herrera - whilst stocks last"
      ],
      "-6": [
        "Free gift when you buy selected Carolina Herrera - whilst stocks last"
      ]
    },
    "adCardPoints": 327
  },
  {
    "_id": {
      "$oid": "65ec108d9884656b92f55826"
    },
    "ppuQuantity": "30ML",
    "pricing": {
      "perUnit": "£125.33 per 100ML",
      "regular": {
        "value": 47,
        "currency": "GBP",
        "text": "£47.00"
      },
      "current": {
        "value": 37.6,
        "currency": "GBP",
        "text": "£37.60"
      },
      "saving": {
        "value": 9.4,
        "currency": "GBP",
        "text": "£9.40"
      }
    },
    "objectId": "2504970",
    "brand": "Michael Kors",
    "attributes": {
      "fragrance_scent": [
        "fruity",
        "jasmine"
      ],
      "gender": "womens",
      "StockOverrideMessage": "STOCK_COMING_SOON",
      "fragrance_type": "eau de parfum",
      "hasPriceAdvantageDeal": false,
      "Reporting_Category": "fragrance",
      "ProductReviewFlag": "1"
    },
    "variants": {
      "colours": [],
      "hasColours": false,
      "hasSizes": false
    },
    "categories": [
      [
        {
          "name": "fragrance",
          "label": "fragrance"
        },
        {
          "name": "gift",
          "label": "gift"
        }
      ],
      [
        {
          "name": "perfume",
          "label": "fragrance > perfume"
        },
        {
          "name": "gifts for her",
          "label": "gift > gifts for her"
        }
      ],
      [
        {
          "name": "all perfumes",
          "label": "fragrance > perfume > all perfumes"
        },
        {
          "name": "all perfumes",
          "label": "gift > gifts for her > all perfumes"
        }
      ]
    ],
    "reviews": {
      "average": 4.2,
      "count": 95,
      "rounded": 4
    },
    "parent": {
      "product": "2504969",
      "partNumber": "10292362.P",
      "model": "10292362",
      "manufacturerModel": "2843846"
    },
    "images": {
      "thumbnail": "https://boots.scene7.com/is/image/Boots/10292362?wid=45&hei=60&op_sharpen=1"
    },
    "offers": [
      {
        "text": "Save up to 20 percent on selected fragrances"
      }
    ],
    "actions": {},
    "iconUri": "https://boots.scene7.com/is/image/Boots/10292362?op_sharpen=1",
    "title": "Michael Kors Gorgeous! Eau de Parfum 30ml",
    "referenceUri": "/mk-gorgeous-30ml-edp-10292362",
    "canAddToBasket": "yes",
    "opticians": false,
    "inStock": true,
    "expressDelivery": false,
    "hasOtherPromotion": true,
    "channelPromotionalTextMap": {
      "-1": [
        "Save up to 20 percent on selected fragrances"
      ],
      "-6": [
        "Save up to 20 percent on selected fragrances"
      ]
    },
    "adCardPoints": 111
  },
  {
    "_id": {
      "$oid": "65ec108d9884656b92f55827"
    },
    "ppuQuantity": "10ML",
    "pricing": {
      "perUnit": "£25.00 per 100ML",
      "regular": {
        "value": 2.5,
        "currency": "GBP",
        "text": "£2.50"
      },
      "current": {
        "value": 2.5,
        "currency": "GBP",
        "text": "£2.50"
      }
    },
    "objectId": "2432977",
    "brand": "Momento",
    "attributes": {
      "fragrance_scent": [
        "floral",
        "fruity",
        "aquatic"
      ],
      "suitable_for": "vegan",
      "gender": "womens",
      "size": "10",
      "StockOverrideMessage": "STOCK_COMING_SOON",
      "format": "spray",
      "fragrance_type": "eau de toilette",
      "hasPriceAdvantageDeal": false,
      "Reporting_Category": "fragrance",
      "ProductReviewFlag": "1"
    },
    "variants": {
      "colours": [],
      "hasColours": false,
      "hasSizes": false
    },
    "categories": [
      [
        {
          "name": "vegan",
          "label": "vegan"
        },
        {
          "name": "fragrance",
          "label": "fragrance"
        },
        {
          "name": "gift",
          "label": "gift"
        },
        {
          "name": "wellness",
          "label": "wellness"
        }
      ],
      [
        {
          "name": "vegan fragrance",
          "label": "vegan > vegan fragrance"
        },
        {
          "name": "perfume",
          "label": "fragrance > perfume"
        },
        {
          "name": "gifts for her",
          "label": "gift > gifts for her"
        },
        {
          "name": "vegan",
          "label": "wellness > vegan"
        },
        {
          "name": "fragrance exclusives",
          "label": "fragrance > fragrance exclusives"
        },
        {
          "name": "vegan fragrance",
          "label": "fragrance > vegan fragrance"
        }
      ],
      [
        {
          "name": "all perfumes",
          "label": "fragrance > perfume > all perfumes"
        },
        {
          "name": "floral perfume",
          "label": "fragrance > perfume > floral perfume"
        },
        {
          "name": "all perfumes",
          "label": "gift > gifts for her > all perfumes"
        },
        {
          "name": "vegan fragrance",
          "label": "wellness > vegan > vegan fragrance"
        }
      ]
    ],
    "reviews": {
      "average": 4.07,
      "count": 55,
      "rounded": 4
    },
    "parent": {
      "product": "2432976",
      "partNumber": "10285868.P",
      "model": "10285868",
      "manufacturerModel": "8967628"
    },
    "images": {
      "thumbnail": "https://boots.scene7.com/is/image/Boots/10285868?wid=45&hei=60&op_sharpen=1"
    },
    "offers": [],
    "actions": {},
    "iconUri": "https://boots.scene7.com/is/image/Boots/10285868?op_sharpen=1",
    "title": "Momento Sunset Blvd eau de toilette 10ml",
    "referenceUri": "/momento-sunset-eau-de-toilette-10ml-10285868",
    "canAddToBasket": "yes",
    "opticians": false,
    "inStock": true,
    "expressDelivery": false,
    "hasOtherPromotion": false,
    "channelPromotionalTextMap": {
      "-1": [],
      "-6": []
    },
    "adCardPoints": 6
  },
  {
    "_id": {
      "$oid": "65ec108d9884656b92f55828"
    },
    "ppuQuantity": "100ML",
    "pricing": {
      "perUnit": "£42.75 per 100ML",
      "regular": {
        "value": 57,
        "currency": "GBP",
        "text": "£57.00"
      },
      "current": {
        "value": 42.75,
        "currency": "GBP",
        "text": "£42.75"
      },
      "saving": {
        "value": 14.25,
        "currency": "GBP",
        "text": "£14.25"
      }
    },
    "objectId": "9860",
    "brand": "Elizabeth Arden",
    "attributes": {
      "fragrance_scent": [
        "fruity",
        "floral",
        "woody"
      ],
      "StockOverrideMessage": "STOCK_COMING_SOON",
      "size": "71-100",
      "Size": [
        "100 ml",
        "100ml"
      ],
      "parentCategory_UK": "33035",
      "format": "spray",
      "fragrance_type": "eau de toilette",
      "hasPriceAdvantageDeal": false,
      "Reporting_Category": "fragrance",
      "key_features": "oil-based",
      "ProductReviewFlag": "1"
    },
    "variants": {
      "colours": [],
      "hasColours": false,
      "hasSizes": false
    },
    "categories": [
      [
        {
          "name": "fragrance",
          "label": "fragrance"
        },
        {
          "name": "beauty & skincare",
          "label": "beauty & skincare"
        },
        {
          "name": "gift",
          "label": "gift"
        }
      ],
      [
        {
          "name": "perfume",
          "label": "fragrance > perfume"
        },
        {
          "name": "premium beauty & skincare",
          "label": "beauty & skincare > premium beauty & skincare"
        },
        {
          "name": "gifts for her",
          "label": "gift > gifts for her"
        }
      ],
      [
        {
          "name": "save up to 25% across selected premium beauty and No7",
          "label": "beauty & skincare > premium beauty & skincare > save up to 25% across selected premium beauty and No7"
        },
        {
          "name": "all perfumes",
          "label": "fragrance > perfume > all perfumes"
        },
        {
          "name": "floral perfume",
          "label": "fragrance > perfume > floral perfume"
        },
        {
          "name": "all perfumes",
          "label": "gift > gifts for her > all perfumes"
        }
      ]
    ],
    "reviews": {
      "average": 3.93,
      "count": 174,
      "rounded": 3
    },
    "parent": {
      "product": "9859",
      "partNumber": "10029321.P",
      "model": "10029321",
      "manufacturerModel": "2540134"
    },
    "images": {
      "thumbnail": "https://boots.scene7.com/is/image/Boots/10029321?wid=45&hei=60&op_sharpen=1"
    },
    "offers": [
      {
        "text": "Spend £45 on selected Elizabeth Arden and receive Elizabeth Arden Icons Set for £75, worth £281"
      },
      {
        "text": "Save up to 25 percent across selected Premium Beauty"
      }
    ],
    "actions": {},
    "iconUri": "https://boots.scene7.com/is/image/Boots/10029321?op_sharpen=1",
    "title": "Elizabeth Arden Red Door Eau De Toilette 100ml",
    "referenceUri": "/elizabeth-arden-red-door-eau-de-toilette-spray-100ml-10029321",
    "canAddToBasket": "yes",
    "opticians": false,
    "inStock": true,
    "expressDelivery": false,
    "hasOtherPromotion": true,
    "channelPromotionalTextMap": {
      "-1": [
        "Spend £45 on selected Elizabeth Arden and receive Elizabeth Arden Icons Set for £75, worth £281",
        "Save up to 25 percent across selected Premium Beauty"
      ],
      "-6": [
        "Spend £45 on selected Elizabeth Arden and receive Elizabeth Arden Icons Set for £75, worth £281",
        "Save up to 25 percent across selected Premium Beauty"
      ]
    },
    "adCardPoints": 126
  },
  {
    "_id": {
      "$oid": "65ec108d9884656b92f55829"
    },
    "ppuQuantity": "100ML",
    "pricing": {
      "perUnit": "£78.20 per 100ML",
      "regular": {
        "value": 92,
        "currency": "GBP",
        "text": "£92.00"
      },
      "current": {
        "value": 78.2,
        "currency": "GBP",
        "text": "£78.20"
      },
      "saving": {
        "value": 13.8,
        "currency": "GBP",
        "text": "£13.80"
      }
    },
    "objectId": "15808",
    "brand": "Clinique",
    "attributes": {
      "fragrance_scent": [
        "aromatic",
        "floral",
        "woody"
      ],
      "size": "71-100",
      "StockOverrideMessage": "STOCK_COMING_SOON",
      "Size": "100 ml",
      "parentCategory_UK": "33029",
      "fragrance_type": [
        "eau de parfum",
        "eau de toilette"
      ],
      "format": "spray",
      "hasPriceAdvantageDeal": false,
      "Reporting_Category": "fragrance",
      "ProductReviewFlag": "1"
    },
    "variants": {
      "colours": [],
      "hasColours": false,
      "hasSizes": false
    },
    "categories": [
      [
        {
          "name": "fragrance",
          "label": "fragrance"
        },
        {
          "name": "beauty & skincare",
          "label": "beauty & skincare"
        },
        {
          "name": "toiletries",
          "label": "toiletries"
        },
        {
          "name": "gift",
          "label": "gift"
        }
      ],
      [
        {
          "name": "perfume",
          "label": "fragrance > perfume"
        },
        {
          "name": "premium beauty & skincare",
          "label": "beauty & skincare > premium beauty & skincare"
        },
        {
          "name": "skincare",
          "label": "beauty & skincare > skincare"
        },
        {
          "name": "skincare",
          "label": "toiletries > skincare"
        },
        {
          "name": "gifts for her",
          "label": "gift > gifts for her"
        }
      ],
      [
        {
          "name": "save up to 25% across selected premium beauty and No7",
          "label": "beauty & skincare > premium beauty & skincare > save up to 25% across selected premium beauty and No7"
        },
        {
          "name": "skin type",
          "label": "beauty & skincare > skincare > skin type"
        },
        {
          "name": "skincare ingredients",
          "label": "beauty & skincare > skincare > skincare ingredients"
        },
        {
          "name": "all perfumes",
          "label": "fragrance > perfume > all perfumes"
        },
        {
          "name": "floral perfume",
          "label": "fragrance > perfume > floral perfume"
        },
        {
          "name": "skin type",
          "label": "toiletries > skincare > skin type"
        },
        {
          "name": "skincare ingredients",
          "label": "toiletries > skincare > skincare ingredients"
        },
        {
          "name": "all perfumes",
          "label": "gift > gifts for her > all perfumes"
        }
      ]
    ],
    "reviews": {
      "average": 3.86,
      "count": 263,
      "rounded": 3
    },
    "parent": {
      "product": "15807",
      "partNumber": "10041813.P",
      "model": "10041813",
      "manufacturerModel": "3618900"
    },
    "images": {
      "thumbnail": "https://boots.scene7.com/is/image/Boots/10041813?wid=45&hei=60&op_sharpen=1"
    },
    "offers": [
      {
        "text": "Free gift when you spend £65 or more on selected Clinique - online only while stocks last"
      },
      {
        "text": "Save up to 25 percent across selected Premium Beauty"
      }
    ],
    "actions": {},
    "iconUri": "https://boots.scene7.com/is/image/Boots/10041813?op_sharpen=1",
    "title": "Clinique Aromatics Elixir Perfume Spray 100ml",
    "referenceUri": "/clinique-aromatics-elixir-perfume-spray-100ml-10041813",
    "canAddToBasket": "yes",
    "opticians": false,
    "inStock": true,
    "expressDelivery": false,
    "hasOtherPromotion": true,
    "channelPromotionalTextMap": {
      "-1": [
        "Free gift when you spend £65 or more on selected Clinique - online only while stocks last",
        "Save up to 25 percent across selected Premium Beauty"
      ],
      "-6": [
        "Free gift when you spend £65 or more on selected Clinique - online only while stocks last",
        "Save up to 25 percent across selected Premium Beauty"
      ]
    },
    "adCardPoints": 234
  },
  {
    "_id": {
      "$oid": "65ec108d9884656b92f5582a"
    },
    "ppuQuantity": "150ML",
    "pricing": {
      "perUnit": "£65.60 per 100ML",
      "regular": {
        "value": 123,
        "currency": "GBP",
        "text": "£123.00"
      },
      "current": {
        "value": 98.4,
        "currency": "GBP",
        "text": "£98.40"
      },
      "saving": {
        "value": 24.6,
        "currency": "GBP",
        "text": "£24.60"
      }
    },
    "objectId": "2721637",
    "brand": "Chloe",
    "attributes": {
      "fragrance_scent": "floral",
      "fragrance_type": "eau de parfum",
      "hasPriceAdvantageDeal": false
    },
    "variants": {
      "colours": [],
      "hasColours": false,
      "hasSizes": false
    },
    "categories": [
      [
        {
          "name": "gift",
          "label": "gift"
        },
        {
          "name": "fragrance",
          "label": "fragrance"
        }
      ],
      [
        {
          "name": "gifts for her",
          "label": "gift > gifts for her"
        },
        {
          "name": "perfume",
          "label": "fragrance > perfume"
        }
      ],
      [
        {
          "name": "all perfumes",
          "label": "gift > gifts for her > all perfumes"
        },
        {
          "name": "all perfumes",
          "label": "fragrance > perfume > all perfumes"
        },
        {
          "name": "perfume refill bottles",
          "label": "fragrance > perfume > perfume refill bottles"
        }
      ]
    ],
    "reviews": {
      "average": null,
      "count": null,
      "rounded": null
    },
    "parent": {
      "product": "2721636",
      "partNumber": "10317501.P",
      "model": "10317501",
      "manufacturerModel": "4154576"
    },
    "images": {
      "thumbnail": "https://boots.scene7.com/is/image/Boots/10317501?wid=45&hei=60&op_sharpen=1"
    },
    "offers": [
      {
        "text": "Free gift when you buy selected Chloe fragrances - while stocks last"
      },
      {
        "text": "Free gift when you buy selected Chloe fragrance - online only, whilst stocks last"
      },
      {
        "text": "Save up to 20 percent on selected fragrances"
      }
    ],
    "actions": {},
    "iconUri": "https://boots.scene7.com/is/image/Boots/10317501?op_sharpen=1",
    "title": "Chloé Eau de Parfum 150ml Refill",
    "referenceUri": "/chlo%C3%A9-eau-de-parfum-150ml-refill-10317501",
    "canAddToBasket": "yes",
    "opticians": false,
    "inStock": true,
    "expressDelivery": false,
    "hasOtherPromotion": true,
    "channelPromotionalTextMap": {
      "-1": [
        "Free gift when you buy selected Chloe fragrances - while stocks last",
        "Free gift when you buy selected Chloe fragrance - online only, whilst stocks last",
        "Save up to 20 percent on selected fragrances"
      ],
      "-6": [
        "Free gift when you buy selected Chloe fragrances - while stocks last",
        "Free gift when you buy selected Chloe fragrance - online only, whilst stocks last",
        "Save up to 20 percent on selected fragrances"
      ]
    },
    "adCardPoints": 294
  },
  {
    "_id": {
      "$oid": "65ec108d9884656b92f5582b"
    },
    "ppuQuantity": "100ML",
    "pricing": {
      "perUnit": "£53.00 per 100ML",
      "regular": {
        "value": 53,
        "currency": "GBP",
        "text": "£53.00"
      },
      "current": {
        "value": 53,
        "currency": "GBP",
        "text": "£53.00"
      }
    },
    "objectId": "2880655",
    "brand": "Ariana Grande",
    "attributes": {
      "fragrance_scent": "musk",
      "size": "71-100",
      "gender": "womens",
      "StockOverrideMessage": "STOCK_COMING_SOON",
      "format": "spray",
      "fragrance_type": "eau de parfum",
      "hasPriceAdvantageDeal": false,
      "key_features": "cruelty-free",
      "ProductReviewFlag": "1"
    },
    "variants": {
      "colours": [],
      "hasColours": false,
      "hasSizes": false
    },
    "categories": [
      [
        {
          "name": "fragrance",
          "label": "fragrance"
        },
        {
          "name": "gift",
          "label": "gift"
        },
        {
          "name": "new in",
          "label": "new in"
        }
      ],
      [
        {
          "name": "perfume",
          "label": "fragrance > perfume"
        },
        {
          "name": "gifts for her",
          "label": "gift > gifts for her"
        },
        {
          "name": "new in fragrance",
          "label": "fragrance > new in fragrance"
        },
        {
          "name": "brands",
          "label": "fragrance > brands"
        },
        {
          "name": "new in fragrance",
          "label": "new in > new in fragrance"
        }
      ],
      [
        {
          "name": "all perfumes",
          "label": "fragrance > perfume > all perfumes"
        },
        {
          "name": "musky perfume",
          "label": "fragrance > perfume > musky perfume"
        },
        {
          "name": "all perfumes",
          "label": "gift > gifts for her > all perfumes"
        }
      ]
    ],
    "reviews": {
      "average": 4.92,
      "count": 12,
      "rounded": 4
    },
    "parent": {
      "product": "2880654",
      "partNumber": "10334198.P",
      "model": "10334198",
      "manufacturerModel": "5783437"
    },
    "images": {
      "thumbnail": "https://boots.scene7.com/is/image/Boots/10334198?wid=45&hei=60&op_sharpen=1"
    },
    "offers": [],
    "actions": {},
    "iconUri": "https://boots.scene7.com/is/image/Boots/10334198?op_sharpen=1",
    "title": "Ariana Grande Cloud Pink Eau de Parfum 100ml",
    "referenceUri": "/ariana-grande-cloud-pink-eau-de-parfum-100ml-10334198",
    "canAddToBasket": "yes",
    "opticians": false,
    "inStock": true,
    "expressDelivery": false,
    "hasOtherPromotion": false,
    "channelPromotionalTextMap": {
      "-1": [],
      "-6": []
    },
    "adCardPoints": 159
  },
  {
    "_id": {
      "$oid": "65ec108d9884656b92f5582c"
    },
    "ppuQuantity": "60ML",
    "pricing": {
      "perUnit": "£134.58 per 100ML",
      "regular": {
        "value": 95,
        "currency": "GBP",
        "text": "£95.00"
      },
      "current": {
        "value": 80.75,
        "currency": "GBP",
        "text": "£80.75"
      },
      "saving": {
        "value": 14.25,
        "currency": "GBP",
        "text": "£14.25"
      }
    },
    "objectId": "2573423",
    "brand": "Mugler",
    "attributes": {
      "fragrance_scent": [
        "amber",
        "woody",
        "floral"
      ],
      "size": "51-70",
      "StockOverrideMessage": "STOCK_COMING_SOON",
      "fragrance_type": "eau de parfum",
      "hasPriceAdvantageDeal": false,
      "Reporting_Category": "fragrance",
      "ProductReviewFlag": "1"
    },
    "variants": {
      "colours": [],
      "hasColours": false,
      "hasSizes": false
    },
    "categories": [
      [
        {
          "name": "fragrance",
          "label": "fragrance"
        },
        {
          "name": "gift",
          "label": "gift"
        }
      ],
      [
        {
          "name": "5* rated perfumes & aftershaves",
          "label": "fragrance > 5* rated perfumes & aftershaves"
        },
        {
          "name": "perfume",
          "label": "fragrance > perfume"
        },
        {
          "name": "gifts for her",
          "label": "gift > gifts for her"
        }
      ],
      [
        {
          "name": "all perfumes",
          "label": "fragrance > perfume > all perfumes"
        },
        {
          "name": "floral perfume",
          "label": "fragrance > perfume > floral perfume"
        },
        {
          "name": "amber perfume",
          "label": "fragrance > perfume > amber perfume"
        },
        {
          "name": "perfume refill bottles",
          "label": "fragrance > perfume > perfume refill bottles"
        },
        {
          "name": "all perfumes",
          "label": "gift > gifts for her > all perfumes"
        }
      ]
    ],
    "reviews": {
      "average": 4.77,
      "count": 1356,
      "rounded": 4
    },
    "parent": {
      "product": "2573422",
      "partNumber": "10299391.P",
      "model": "10299391",
      "manufacturerModel": "4901789"
    },
    "images": {
      "thumbnail": "https://boots.scene7.com/is/image/Boots/10299391?wid=45&hei=60&op_sharpen=1"
    },
    "offers": [
      {
        "text": "Free gift when you buy selected Mugler - whilst stocks last"
      },
      {
        "text": "Save up to 20 percent on selected fragrances"
      }
    ],
    "actions": {},
    "iconUri": "https://boots.scene7.com/is/image/Boots/10299391?op_sharpen=1",
    "title": "MUGLER Alien Goddess Refillable Eau de Parfum 60ml",
    "referenceUri": "/mugler-alien-goddess-eau-de-parfum-60ml-10299391",
    "canAddToBasket": "yes",
    "opticians": false,
    "inStock": true,
    "expressDelivery": false,
    "hasOtherPromotion": true,
    "channelPromotionalTextMap": {
      "-1": [
        "Free gift when you buy selected Mugler - whilst stocks last",
        "Save up to 20 percent on selected fragrances"
      ],
      "-6": [
        "Free gift when you buy selected Mugler - whilst stocks last",
        "Save up to 20 percent on selected fragrances"
      ]
    },
    "adCardPoints": 240
  },
  {
    "_id": {
      "$oid": "65ec108d9884656b92f5582d"
    },
    "ppuQuantity": "100ML",
    "pricing": {
      "perUnit": "£106.25 per 100ML",
      "regular": {
        "value": 125,
        "currency": "GBP",
        "text": "£125.00"
      },
      "current": {
        "value": 106.25,
        "currency": "GBP",
        "text": "£106.25"
      },
      "saving": {
        "value": 18.75,
        "currency": "GBP",
        "text": "£18.75"
      }
    },
    "objectId": "2859597",
    "brand": "Prada",
    "attributes": {
      "fragrance_scent": [
        "vanilla",
        "floral",
        "jasmine",
        "amber"
      ],
      "size": "71-100",
      "StockOverrideMessage": "STOCK_COMING_SOON",
      "gender": "womens",
      "format": "spray",
      "fragrance_type": "eau de parfum",
      "hasPriceAdvantageDeal": false,
      "ProductReviewFlag": "1"
    },
    "variants": {
      "colours": [],
      "hasColours": false,
      "hasSizes": false
    },
    "categories": [
      [
        {
          "name": "new in",
          "label": "new in"
        },
        {
          "name": "fragrance",
          "label": "fragrance"
        },
        {
          "name": "gift",
          "label": "gift"
        }
      ],
      [
        {
          "name": "perfume",
          "label": "fragrance > perfume"
        },
        {
          "name": "gifts for her",
          "label": "gift > gifts for her"
        },
        {
          "name": "luxury fragrance",
          "label": "fragrance > luxury fragrance"
        },
        {
          "name": "new in fragrance",
          "label": "fragrance > new in fragrance"
        },
        {
          "name": "new in fragrance",
          "label": "new in > new in fragrance"
        }
      ],
      [
        {
          "name": "all perfumes",
          "label": "fragrance > perfume > all perfumes"
        },
        {
          "name": "vanilla perfume",
          "label": "fragrance > perfume > vanilla perfume"
        },
        {
          "name": "floral perfume",
          "label": "fragrance > perfume > floral perfume"
        },
        {
          "name": "amber perfume",
          "label": "fragrance > perfume > amber perfume"
        },
        {
          "name": "perfume refill bottles",
          "label": "fragrance > perfume > perfume refill bottles"
        },
        {
          "name": "all perfumes",
          "label": "gift > gifts for her > all perfumes"
        }
      ]
    ],
    "reviews": {
      "average": 4.75,
      "count": 3375,
      "rounded": 4
    },
    "parent": {
      "product": "2859596",
      "partNumber": "10331516.P",
      "model": "10331516",
      "manufacturerModel": "5733030"
    },
    "images": {
      "thumbnail": "https://boots.scene7.com/is/image/Boots/10331516?wid=45&hei=60&op_sharpen=1"
    },
    "offers": [
      {
        "text": "Free gift when you buy selected Prada - whilst stocks last"
      },
      {
        "text": "Save up to 20 percent on selected fragrances"
      }
    ],
    "actions": {},
    "iconUri": "https://boots.scene7.com/is/image/Boots/10331516?op_sharpen=1",
    "title": "Prada Paradoxe Intense Refill Eau de Parfum 100ml",
    "referenceUri": "/Prada-Paradoxe-Intense-Refill-Eau-de-Parfum-100ml-10331516",
    "canAddToBasket": "yes",
    "opticians": false,
    "inStock": true,
    "expressDelivery": false,
    "hasOtherPromotion": true,
    "channelPromotionalTextMap": {
      "-1": [
        "Free gift when you buy selected Prada - whilst stocks last",
        "Save up to 20 percent on selected fragrances"
      ],
      "-6": [
        "Free gift when you buy selected Prada - whilst stocks last",
        "Save up to 20 percent on selected fragrances"
      ]
    },
    "adCardPoints": 318
  },
  {
    "_id": {
      "$oid": "65ec108d9884656b92f5582e"
    },
    "ppuQuantity": "50ML",
    "pricing": {
      "perUnit": "£161.50 per 100ML",
      "regular": {
        "value": 95,
        "currency": "GBP",
        "text": "£95.00"
      },
      "current": {
        "value": 80.75,
        "currency": "GBP",
        "text": "£80.75"
      },
      "saving": {
        "value": 14.25,
        "currency": "GBP",
        "text": "£14.25"
      }
    },
    "objectId": "2431613",
    "brand": "Valentino",
    "attributes": {
      "fragrance_scent": [
        "woody",
        "floral"
      ],
      "StockOverrideMessage": "STOCK_COMING_SOON",
      "size": "41-50",
      "gender": "womens",
      "fragrance_type": "eau de parfum",
      "format": "spray",
      "hasPriceAdvantageDeal": false,
      "Reporting_Category": "fragrance",
      "gift_type": "fragrance gifts",
      "ProductReviewFlag": "1"
    },
    "variants": {
      "colours": [],
      "hasColours": false,
      "hasSizes": false
    },
    "categories": [
      [
        {
          "name": "gift",
          "label": "gift"
        },
        {
          "name": "fragrance",
          "label": "fragrance"
        }
      ],
      [
        {
          "name": "all gifts",
          "label": "gift > all gifts"
        },
        {
          "name": "perfume",
          "label": "fragrance > perfume"
        },
        {
          "name": "gifts for her",
          "label": "gift > gifts for her"
        },
        {
          "name": "5* rated perfumes & aftershaves",
          "label": "fragrance > 5* rated perfumes & aftershaves"
        }
      ],
      [
        {
          "name": "all perfumes",
          "label": "fragrance > perfume > all perfumes"
        },
        {
          "name": "floral perfume",
          "label": "fragrance > perfume > floral perfume"
        },
        {
          "name": "all perfumes",
          "label": "gift > gifts for her > all perfumes"
        }
      ]
    ],
    "reviews": {
      "average": 4.72,
      "count": 11621,
      "rounded": 4
    },
    "parent": {
      "product": "2431612",
      "partNumber": "10285672.P",
      "model": "10285672",
      "manufacturerModel": "8962146"
    },
    "images": {
      "thumbnail": "https://boots.scene7.com/is/image/Boots/10285672?wid=45&hei=60&op_sharpen=1"
    },
    "offers": [
      {
        "text": "Free gift when you buy selected Valentino fragrances 50ml and above - online only, whilst stocks last"
      },
      {
        "text": "Save up to 20 percent on selected fragrances"
      }
    ],
    "actions": {},
    "iconUri": "https://boots.scene7.com/is/image/Boots/10285672?op_sharpen=1",
    "title": "Valentino Voce Viva Eau De Parfum For Women 50ml",
    "referenceUri": "/valentino-voce-viva-eau-de-parfum-50ml-10285672",
    "canAddToBasket": "yes",
    "opticians": false,
    "inStock": true,
    "expressDelivery": false,
    "hasOtherPromotion": true,
    "channelPromotionalTextMap": {
      "-1": [
        "Free gift when you buy selected Valentino fragrances 50ml and above - online only, whilst stocks last",
        "Save up to 20 percent on selected fragrances"
      ],
      "-6": [
        "Free gift when you buy selected Valentino fragrances 50ml and above - online only, whilst stocks last",
        "Save up to 20 percent on selected fragrances"
      ]
    },
    "adCardPoints": 240
  },
  {
    "_id": {
      "$oid": "65ec108d9884656b92f5582f"
    },
    "ppuQuantity": "100ML",
    "pricing": {
      "perUnit": "£79.05 per 100ML",
      "regular": {
        "value": 93,
        "currency": "GBP",
        "text": "£93.00"
      },
      "current": {
        "value": 79.05,
        "currency": "GBP",
        "text": "£79.05"
      },
      "saving": {
        "value": 13.95,
        "currency": "GBP",
        "text": "£13.95"
      }
    },
    "objectId": "1262312",
    "brand": "Estee Lauder",
    "attributes": {
      "fragrance_scent": [
        "floral",
        "woody",
        "amber"
      ],
      "StockOverrideMessage": "STOCK_COMING_SOON",
      "size": "71-100",
      "Size": "100ml",
      "parentCategory_UK": "33028",
      "format": "spray",
      "fragrance_type": "eau de parfum",
      "hasPriceAdvantageDeal": false,
      "Reporting_Category": "fragrance",
      "key_features": "brightening",
      "ProductReviewFlag": "1"
    },
    "variants": {
      "colours": [],
      "hasColours": false,
      "hasSizes": false
    },
    "categories": [
      [
        {
          "name": "fragrance",
          "label": "fragrance"
        },
        {
          "name": "gift",
          "label": "gift"
        }
      ],
      [
        {
          "name": "perfume",
          "label": "fragrance > perfume"
        },
        {
          "name": "gifts for her",
          "label": "gift > gifts for her"
        }
      ],
      [
        {
          "name": "all perfumes",
          "label": "fragrance > perfume > all perfumes"
        },
        {
          "name": "floral perfume",
          "label": "fragrance > perfume > floral perfume"
        },
        {
          "name": "amber perfume",
          "label": "fragrance > perfume > amber perfume"
        },
        {
          "name": "all perfumes",
          "label": "gift > gifts for her > all perfumes"
        }
      ]
    ],
    "reviews": {
      "average": 4.67,
      "count": 959,
      "rounded": 4
    },
    "parent": {
      "product": "1262311",
      "partNumber": "10140320.P",
      "model": "10140320",
      "manufacturerModel": "3308294"
    },
    "images": {
      "thumbnail": "https://boots.scene7.com/is/image/Boots/10140320?wid=45&hei=60&op_sharpen=1"
    },
    "offers": [
      {
        "text": "Save 15 percent on selected fragrance"
      }
    ],
    "actions": {},
    "iconUri": "https://boots.scene7.com/is/image/Boots/10140320?op_sharpen=1",
    "title": "Estée Lauder Beautiful Eau de Parfum 100ml",
    "referenceUri": "/estee-lauder-beautiful-eau-de-parfum-spray-100ml-10140320",
    "canAddToBasket": "yes",
    "opticians": false,
    "inStock": true,
    "expressDelivery": false,
    "hasOtherPromotion": true,
    "channelPromotionalTextMap": {
      "-1": [
        "Save 15 percent on selected fragrance"
      ],
      "-6": [
        "Save 15 percent on selected fragrance"
      ]
    },
    "adCardPoints": 237
  },
  {
    "_id": {
      "$oid": "65ec108d9884656b92f55830"
    },
    "ppuQuantity": "30ML",
    "pricing": {
      "perUnit": "£100.00 per 100ML",
      "regular": {
        "value": 30,
        "currency": "GBP",
        "text": "£30.00"
      },
      "current": {
        "value": 30,
        "currency": "GBP",
        "text": "£30.00"
      }
    },
    "objectId": "1744121",
    "brand": "Ariana Grande",
    "attributes": {
      "fragrance_scent": [
        "floral",
        "musk"
      ],
      "size": "21-30",
      "gender": "womens",
      "StockOverrideMessage": "STOCK_COMING_SOON",
      "parentCategory_UK": "33071",
      "fragrance_type": "eau de parfum",
      "hasPriceAdvantageDeal": false,
      "Reporting_Category": "fragrance",
      "ProductReviewFlag": "1"
    },
    "variants": {
      "colours": [],
      "hasColours": false,
      "hasSizes": false
    },
    "categories": [
      [
        {
          "name": "fragrance",
          "label": "fragrance"
        },
        {
          "name": "gift",
          "label": "gift"
        }
      ],
      [
        {
          "name": "5* rated perfumes & aftershaves",
          "label": "fragrance > 5* rated perfumes & aftershaves"
        },
        {
          "name": "perfume",
          "label": "fragrance > perfume"
        },
        {
          "name": "gifts for her",
          "label": "gift > gifts for her"
        },
        {
          "name": "celebrity fragrance",
          "label": "fragrance > celebrity fragrance"
        }
      ],
      [
        {
          "name": "all perfumes",
          "label": "fragrance > perfume > all perfumes"
        },
        {
          "name": "musky perfume",
          "label": "fragrance > perfume > musky perfume"
        },
        {
          "name": "floral perfume",
          "label": "fragrance > perfume > floral perfume"
        },
        {
          "name": "all perfumes",
          "label": "gift > gifts for her > all perfumes"
        }
      ]
    ],
    "reviews": {
      "average": 4.64,
      "count": 153,
      "rounded": 4
    },
    "parent": {
      "product": "1744120",
      "partNumber": "10202115.P",
      "model": "10202115",
      "manufacturerModel": "6377939"
    },
    "images": {
      "thumbnail": "https://boots.scene7.com/is/image/Boots/10202115?wid=45&hei=60&op_sharpen=1"
    },
    "offers": [],
    "actions": {},
    "iconUri": "https://boots.scene7.com/is/image/Boots/10202115?op_sharpen=1",
    "title": "ARI by Ariana Grande Eau de Parfum Spray 30ml",
    "referenceUri": "/ari-by-ariana-grande-eau-de-parfum-spray-30ml-10202115",
    "canAddToBasket": "yes",
    "opticians": false,
    "inStock": true,
    "expressDelivery": false,
    "hasOtherPromotion": false,
    "channelPromotionalTextMap": {
      "-1": [],
      "-6": []
    },
    "adCardPoints": 90
  },
  {
    "_id": {
      "$oid": "65ec108d9884656b92f55831"
    },
    "ppuQuantity": "50ML",
    "pricing": {
      "perUnit": "£42.50 per 100ML",
      "regular": {
        "value": 25,
        "currency": "GBP",
        "text": "£25.00"
      },
      "current": {
        "value": 21.25,
        "currency": "GBP",
        "text": "£21.25"
      },
      "saving": {
        "value": 3.75,
        "currency": "GBP",
        "text": "£3.75"
      }
    },
    "objectId": "3185",
    "brand": "Tommy Hilfiger",
    "attributes": {
      "fragrance_scent": [
        "citrus",
        "floral"
      ],
      "gender": "womens",
      "size": "41-50",
      "StockOverrideMessage": "STOCK_COMING_SOON",
      "Size": "50 ml",
      "fragrance_type": "eau de toilette",
      "hasPriceAdvantageDeal": false,
      "Reporting_Category": "fragrance",
      "ProductReviewFlag": "1"
    },
    "variants": {
      "colours": [],
      "hasColours": false,
      "hasSizes": false
    },
    "categories": [
      [
        {
          "name": "fragrance",
          "label": "fragrance"
        },
        {
          "name": "gift",
          "label": "gift"
        }
      ],
      [
        {
          "name": "5* rated perfumes & aftershaves",
          "label": "fragrance > 5* rated perfumes & aftershaves"
        },
        {
          "name": "perfume",
          "label": "fragrance > perfume"
        },
        {
          "name": "gifts for her",
          "label": "gift > gifts for her"
        }
      ],
      [
        {
          "name": "all perfumes",
          "label": "fragrance > perfume > all perfumes"
        },
        {
          "name": "floral perfume",
          "label": "fragrance > perfume > floral perfume"
        },
        {
          "name": "all perfumes",
          "label": "gift > gifts for her > all perfumes"
        }
      ]
    ],
    "reviews": {
      "average": 4.63,
      "count": 63,
      "rounded": 4
    },
    "parent": {
      "product": "3184",
      "partNumber": "10011855.P",
      "model": "10011855",
      "manufacturerModel": "7963068"
    },
    "images": {
      "thumbnail": "https://boots.scene7.com/is/image/Boots/10011855?wid=45&hei=60&op_sharpen=1"
    },
    "offers": [
      {
        "text": "Save up to 20 percent on selected fragrances"
      }
    ],
    "actions": {},
    "iconUri": "https://boots.scene7.com/is/image/Boots/10011855?op_sharpen=1",
    "title": "Tommy Girl Eau de Toilette 50ml",
    "referenceUri": "/tommy-girl-eau-de-toilette-spray-50ml-10011855-",
    "canAddToBasket": "yes",
    "opticians": false,
    "inStock": true,
    "expressDelivery": false,
    "hasOtherPromotion": true,
    "channelPromotionalTextMap": {
      "-1": [
        "Save up to 20 percent on selected fragrances"
      ],
      "-6": [
        "Save up to 20 percent on selected fragrances"
      ]
    },
    "adCardPoints": 63
  },
  {
    "_id": {
      "$oid": "65ec108d9884656b92f55832"
    },
    "ppuQuantity": "88ML",
    "pricing": {
      "perUnit": "£118.18 per 100ML",
      "regular": {
        "value": 130,
        "currency": "GBP",
        "text": "£130.00"
      },
      "current": {
        "value": 104,
        "currency": "GBP",
        "text": "£104.00"
      },
      "saving": {
        "value": 26,
        "currency": "GBP",
        "text": "£26.00"
      }
    },
    "objectId": "2929123",
    "brand": "Burberry",
    "attributes": {
      "fragrance_scent": [
        "fruity",
        "amber"
      ],
      "product_type": "body spray",
      "size": "71-100",
      "StockOverrideMessage": "STOCK_COMING_SOON",
      "gender": "womens",
      "fragrance_type": "eau de parfum",
      "format": "spray",
      "hasPriceAdvantageDeal": false,
      "ProductReviewFlag": "1"
    },
    "variants": {
      "colours": [],
      "hasColours": false,
      "hasSizes": false
    },
    "categories": [
      [
        {
          "name": "new in",
          "label": "new in"
        },
        {
          "name": "fragrance",
          "label": "fragrance"
        },
        {
          "name": "gift",
          "label": "gift"
        }
      ],
      [
        {
          "name": "new in fragrance",
          "label": "new in > new in fragrance"
        },
        {
          "name": "perfume",
          "label": "fragrance > perfume"
        },
        {
          "name": "gifts for her",
          "label": "gift > gifts for her"
        },
        {
          "name": "new in fragrance",
          "label": "fragrance > new in fragrance"
        }
      ],
      [
        {
          "name": "all perfumes",
          "label": "fragrance > perfume > all perfumes"
        },
        {
          "name": "floral perfume",
          "label": "fragrance > perfume > floral perfume"
        },
        {
          "name": "all perfumes",
          "label": "gift > gifts for her > all perfumes"
        }
      ]
    ],
    "reviews": {
      "average": 4.59,
      "count": 2081,
      "rounded": 4
    },
    "parent": {
      "product": "2929122",
      "partNumber": "10339724.P",
      "model": "10339724",
      "manufacturerModel": "2219271"
    },
    "images": {
      "thumbnail": "https://boots.scene7.com/is/image/Boots/10339724?wid=45&hei=60&op_sharpen=1"
    },
    "offers": [
      {
        "text": "Save up to 20 percent on selected fragrances"
      }
    ],
    "actions": {},
    "iconUri": "https://boots.scene7.com/is/image/Boots/10339724?op_sharpen=1",
    "title": "Burberry Her Petals Eau de Parfum Limited Edition 88ml",
    "referenceUri": "/burberry-her-eau-de-parfum-petals-limited-edition-88ml-10339724",
    "canAddToBasket": "yes",
    "opticians": false,
    "inStock": true,
    "expressDelivery": false,
    "hasOtherPromotion": true,
    "channelPromotionalTextMap": {
      "-1": [
        "Save up to 20 percent on selected fragrances"
      ],
      "-6": [
        "Save up to 20 percent on selected fragrances"
      ]
    },
    "adCardPoints": 312
  },
  {
    "_id": {
      "$oid": "65ec108d9884656b92f55833"
    },
    "ppuQuantity": "100ML",
    "pricing": {
      "perUnit": "£52.70 per 100ML",
      "regular": {
        "value": 62,
        "currency": "GBP",
        "text": "£62.00"
      },
      "current": {
        "value": 52.7,
        "currency": "GBP",
        "text": "£52.70"
      },
      "saving": {
        "value": 9.3,
        "currency": "GBP",
        "text": "£9.30"
      }
    },
    "objectId": "998525",
    "brand": "Dolce & Gabbana",
    "attributes": {
      "fragrance_scent": [
        "floral",
        "fruity",
        "musk"
      ],
      "gender": "womens",
      "StockOverrideMessage": "STOCK_COMING_SOON",
      "size": "71-100",
      "parentCategory_UK": "33071",
      "fragrance_type": "eau de toilette",
      "hasPriceAdvantageDeal": false,
      "Reporting_Category": "fragrance",
      "ProductReviewFlag": "1"
    },
    "variants": {
      "colours": [],
      "hasColours": false,
      "hasSizes": false
    },
    "categories": [
      [
        {
          "name": "fragrance",
          "label": "fragrance"
        },
        {
          "name": "gift",
          "label": "gift"
        }
      ],
      [
        {
          "name": "fragrance offers",
          "label": "fragrance > fragrance offers"
        },
        {
          "name": "perfume",
          "label": "fragrance > perfume"
        },
        {
          "name": "gifts for her",
          "label": "gift > gifts for her"
        }
      ],
      [
        {
          "name": "all perfumes",
          "label": "fragrance > perfume > all perfumes"
        },
        {
          "name": "musky perfume",
          "label": "fragrance > perfume > musky perfume"
        },
        {
          "name": "floral perfume",
          "label": "fragrance > perfume > floral perfume"
        },
        {
          "name": "online only offers",
          "label": "fragrance > fragrance offers > online only offers"
        },
        {
          "name": "save up to 20% on fragrance",
          "label": "fragrance > fragrance offers > save up to 20% on fragrance"
        },
        {
          "name": "all perfumes",
          "label": "gift > gifts for her > all perfumes"
        }
      ]
    ],
    "reviews": {
      "average": 4.54,
      "count": 111,
      "rounded": 4
    },
    "parent": {
      "product": "998524",
      "partNumber": "10093316.P",
      "model": "10093316",
      "manufacturerModel": "2754533"
    },
    "images": {
      "thumbnail": "https://boots.scene7.com/is/image/Boots/10093316?wid=45&hei=60&op_sharpen=1"
    },
    "offers": [
      {
        "text": "Save up to 20 percent on selected fragrances"
      }
    ],
    "actions": {},
    "iconUri": "https://boots.scene7.com/is/image/Boots/10093316?op_sharpen=1",
    "title": "Dolce&Gabbana L’Imperatrice Eau de Toilette 100ml",
    "referenceUri": "/dolce-and-gabbana-3-limperatrice-eau-de-toilette-100ml-10093316",
    "canAddToBasket": "yes",
    "opticians": false,
    "inStock": true,
    "expressDelivery": false,
    "hasOtherPromotion": true,
    "channelPromotionalTextMap": {
      "-1": [
        "Save up to 20 percent on selected fragrances"
      ],
      "-6": [
        "Save up to 20 percent on selected fragrances"
      ]
    },
    "adCardPoints": 156
  },
  {
    "_id": {
      "$oid": "65ec108d9884656b92f55834"
    },
    "ppuQuantity": "50ML",
    "pricing": {
      "perUnit": "£168.30 per 100ML",
      "regular": {
        "value": 99,
        "currency": "GBP",
        "text": "£99.00"
      },
      "current": {
        "value": 84.15,
        "currency": "GBP",
        "text": "£84.15"
      },
      "saving": {
        "value": 14.85,
        "currency": "GBP",
        "text": "£14.85"
      }
    },
    "objectId": "2288454",
    "brand": "Christian Dior",
    "attributes": {
      "fragrance_scent": "floral",
      "gender": "womens",
      "size": "41-50",
      "StockOverrideMessage": "STOCK_COMING_SOON",
      "fragrance_type": "eau de parfum",
      "hasPriceAdvantageDeal": false,
      "Reporting_Category": "fragrance",
      "ProductReviewFlag": "1"
    },
    "variants": {
      "colours": [],
      "hasColours": false,
      "hasSizes": false
    },
    "categories": [
      [
        {
          "name": "fragrance",
          "label": "fragrance"
        },
        {
          "name": "gift",
          "label": "gift"
        }
      ],
      [
        {
          "name": "5* rated perfumes & aftershaves",
          "label": "fragrance > 5* rated perfumes & aftershaves"
        },
        {
          "name": "perfume",
          "label": "fragrance > perfume"
        },
        {
          "name": "fragrance offers",
          "label": "fragrance > fragrance offers"
        },
        {
          "name": "gifts for her",
          "label": "gift > gifts for her"
        }
      ],
      [
        {
          "name": "all perfumes",
          "label": "fragrance > perfume > all perfumes"
        },
        {
          "name": "floral perfume",
          "label": "fragrance > perfume > floral perfume"
        },
        {
          "name": "Save 15% on 100s of fragrances",
          "label": "fragrance > fragrance offers > Save 15% on 100s of fragrances"
        },
        {
          "name": "all perfumes",
          "label": "gift > gifts for her > all perfumes"
        }
      ]
    ],
    "reviews": {
      "average": 4.5,
      "count": 225,
      "rounded": 4
    },
    "parent": {
      "product": "2288453",
      "partNumber": "10266184.P",
      "model": "10266184",
      "manufacturerModel": "8559139"
    },
    "images": {
      "thumbnail": "https://boots.scene7.com/is/image/Boots/10266184?wid=45&hei=60&op_sharpen=1"
    },
    "offers": [
      {
        "text": "Save up to 20 percent on selected fragrances"
      }
    ],
    "actions": {},
    "iconUri": "https://boots.scene7.com/is/image/Boots/10266184?op_sharpen=1",
    "title": "JOY BY DIOR Eau de Parfum Intense 50ml",
    "referenceUri": "/joy-by-dior-eau-de-parfum-intense-50ml-10266184",
    "canAddToBasket": "yes",
    "opticians": false,
    "inStock": true,
    "expressDelivery": false,
    "hasOtherPromotion": true,
    "channelPromotionalTextMap": {
      "-1": [
        "Save up to 20 percent on selected fragrances"
      ],
      "-6": [
        "Save up to 20 percent on selected fragrances"
      ]
    },
    "adCardPoints": 252
  },
  {
    "_id": {
      "$oid": "65ec108d9884656b92f55835"
    },
    "ppuQuantity": "30ML",
    "pricing": {
      "perUnit": "£120.00 per 100ML",
      "regular": {
        "value": 45,
        "currency": "GBP",
        "text": "£45.00"
      },
      "current": {
        "value": 36,
        "currency": "GBP",
        "text": "£36.00"
      },
      "saving": {
        "value": 9,
        "currency": "GBP",
        "text": "£9.00"
      }
    },
    "objectId": "2250050",
    "brand": "Moschino",
    "attributes": {
      "fragrance_scent": [
        "floral",
        "musk",
        "woody"
      ],
      "StockOverrideMessage": "STOCK_COMING_SOON",
      "size": "21-30",
      "gender": "womens",
      "fragrance_type": "eau de parfum",
      "hasPriceAdvantageDeal": false,
      "Reporting_Category": "fragrance",
      "ProductReviewFlag": "1"
    },
    "variants": {
      "colours": [],
      "hasColours": false,
      "hasSizes": false
    },
    "categories": [
      [
        {
          "name": "fragrance",
          "label": "fragrance"
        },
        {
          "name": "gift",
          "label": "gift"
        }
      ],
      [
        {
          "name": "perfume",
          "label": "fragrance > perfume"
        },
        {
          "name": "gifts for her",
          "label": "gift > gifts for her"
        }
      ],
      [
        {
          "name": "all perfumes",
          "label": "fragrance > perfume > all perfumes"
        },
        {
          "name": "musky perfume",
          "label": "fragrance > perfume > musky perfume"
        },
        {
          "name": "floral perfume",
          "label": "fragrance > perfume > floral perfume"
        },
        {
          "name": "all perfumes",
          "label": "gift > gifts for her > all perfumes"
        }
      ]
    ],
    "reviews": {
      "average": 4.4,
      "count": 467,
      "rounded": 4
    },
    "parent": {
      "product": "2250049",
      "partNumber": "10262585.P",
      "model": "10262585",
      "manufacturerModel": "8465274"
    },
    "images": {
      "thumbnail": "https://boots.scene7.com/is/image/Boots/10262585?wid=45&hei=60&op_sharpen=1"
    },
    "offers": [
      {
        "text": "Save up to 20 percent on selected fragrances"
      }
    ],
    "actions": {},
    "iconUri": "https://boots.scene7.com/is/image/Boots/10262585?op_sharpen=1",
    "title": "Moschino Toy 2 Eau de Parfum 30ml",
    "referenceUri": "/moschino-toy-2-eau-de-parfum-30ml-10262585",
    "canAddToBasket": "yes",
    "opticians": false,
    "inStock": true,
    "expressDelivery": false,
    "hasOtherPromotion": true,
    "channelPromotionalTextMap": {
      "-1": [
        "Save up to 20 percent on selected fragrances"
      ],
      "-6": [
        "Save up to 20 percent on selected fragrances"
      ]
    },
    "adCardPoints": 108
  },
  {
    "_id": {
      "$oid": "65ec108d9884656b92f55836"
    },
    "ppuQuantity": "100ML",
    "pricing": {
      "perUnit": "£80.25 per 100ML",
      "regular": {
        "value": 107,
        "currency": "GBP",
        "text": "£107.00"
      },
      "current": {
        "value": 80.25,
        "currency": "GBP",
        "text": "£80.25"
      },
      "saving": {
        "value": 26.75,
        "currency": "GBP",
        "text": "£26.75"
      }
    },
    "objectId": "2805657",
    "brand": "Kayali",
    "attributes": {
      "fragrance_scent": [
        "sweet",
        "vanilla"
      ],
      "size": "71-100",
      "gender": "womens",
      "StockOverrideMessage": "STOCK_COMING_SOON",
      "fragrance_type": "eau de parfum",
      "hasPriceAdvantageDeal": false,
      "ProductReviewFlag": "1"
    },
    "variants": {
      "colours": [],
      "hasColours": false,
      "hasSizes": false
    },
    "categories": [
      [
        {
          "name": "fragrance",
          "label": "fragrance"
        },
        {
          "name": "beauty & skincare",
          "label": "beauty & skincare"
        },
        {
          "name": "gift",
          "label": "gift"
        }
      ],
      [
        {
          "name": "5* rated perfumes & aftershaves",
          "label": "fragrance > 5* rated perfumes & aftershaves"
        },
        {
          "name": "premium beauty & skincare",
          "label": "beauty & skincare > premium beauty & skincare"
        },
        {
          "name": "perfume",
          "label": "fragrance > perfume"
        },
        {
          "name": "gifts for her",
          "label": "gift > gifts for her"
        },
        {
          "name": "trending on social",
          "label": "beauty & skincare > trending on social"
        },
        {
          "name": "brands",
          "label": "fragrance > brands"
        }
      ],
      [
        {
          "name": "save up to 25% across selected premium beauty and No7",
          "label": "beauty & skincare > premium beauty & skincare > save up to 25% across selected premium beauty and No7"
        },
        {
          "name": "all perfumes",
          "label": "fragrance > perfume > all perfumes"
        },
        {
          "name": "vanilla perfume",
          "label": "fragrance > perfume > vanilla perfume"
        },
        {
          "name": "all perfumes",
          "label": "gift > gifts for her > all perfumes"
        }
      ]
    ],
    "reviews": {
      "average": 4.27,
      "count": 96,
      "rounded": 4
    },
    "parent": {
      "product": "2805656",
      "partNumber": "10325593.P",
      "model": "10325593",
      "manufacturerModel": "5408989"
    },
    "images": {
      "thumbnail": "https://boots.scene7.com/is/image/Boots/10325593?wid=45&hei=60&op_sharpen=1"
    },
    "offers": [
      {
        "text": "Save up to 25 percent across selected Premium Beauty"
      }
    ],
    "actions": {},
    "iconUri": "https://boots.scene7.com/is/image/Boots/10325593?op_sharpen=1",
    "title": "Kayali Yum Pistachio Gelato 33 Eau de Parfum 100ml",
    "referenceUri": "/kayali-yum-pistachio-gelato-33-eau-de-parfum-100ml-10325593",
    "canAddToBasket": "yes",
    "opticians": false,
    "inStock": true,
    "expressDelivery": false,
    "hasOtherPromotion": true,
    "channelPromotionalTextMap": {
      "-1": [
        "Save up to 25 percent across selected Premium Beauty"
      ],
      "-6": [
        "Save up to 25 percent across selected Premium Beauty"
      ]
    },
    "adCardPoints": 240
  },
  {
    "_id": {
      "$oid": "65ec108d9884656b92f55837"
    },
    "ppuQuantity": "30ML",
    "pricing": {
      "perUnit": "£150.67 per 100ML",
      "regular": {
        "value": 56.5,
        "currency": "GBP",
        "text": "£56.50"
      },
      "current": {
        "value": 45.2,
        "currency": "GBP",
        "text": "£45.20"
      },
      "saving": {
        "value": 11.3,
        "currency": "GBP",
        "text": "£11.30"
      }
    },
    "objectId": "2790593",
    "brand": "Versace",
    "attributes": {
      "fragrance_scent": "fruity",
      "fragrance_type": "eau de parfum",
      "hasPriceAdvantageDeal": false,
      "StockOverrideMessage": "STOCK_COMING_SOON",
      "ProductReviewFlag": "1"
    },
    "variants": {
      "colours": [],
      "hasColours": false,
      "hasSizes": false
    },
    "categories": [
      [
        {
          "name": "fragrance",
          "label": "fragrance"
        },
        {
          "name": "gift",
          "label": "gift"
        }
      ],
      [
        {
          "name": "luxury fragrance",
          "label": "fragrance > luxury fragrance"
        },
        {
          "name": "perfume",
          "label": "fragrance > perfume"
        },
        {
          "name": "gifts for her",
          "label": "gift > gifts for her"
        }
      ],
      [
        {
          "name": "all perfumes",
          "label": "fragrance > perfume > all perfumes"
        },
        {
          "name": "all perfumes",
          "label": "gift > gifts for her > all perfumes"
        }
      ]
    ],
    "reviews": {
      "average": 3.38,
      "count": 8,
      "rounded": 3
    },
    "parent": {
      "product": "2790592",
      "partNumber": "10323701.P",
      "model": "10323701",
      "manufacturerModel": "3960412"
    },
    "images": {
      "thumbnail": "https://boots.scene7.com/is/image/Boots/10323701?wid=45&hei=60&op_sharpen=1"
    },
    "offers": [
      {
        "text": "Save up to 20 percent on selected fragrances"
      }
    ],
    "actions": {},
    "iconUri": "https://boots.scene7.com/is/image/Boots/10323701?op_sharpen=1",
    "title": "Versace Dylan Purple Eau de Parfum 30ml",
    "referenceUri": "/versace-dylan-purple-eau-de-parfum-30ml-10323701",
    "canAddToBasket": "yes",
    "opticians": false,
    "inStock": true,
    "expressDelivery": false,
    "hasOtherPromotion": true,
    "channelPromotionalTextMap": {
      "-1": [
        "Save up to 20 percent on selected fragrances"
      ],
      "-6": [
        "Save up to 20 percent on selected fragrances"
      ]
    },
    "adCardPoints": 135
  },
  {
    "_id": {
      "$oid": "65ec108d9884656b92f55838"
    },
    "ppuQuantity": "50ML",
    "pricing": {
      "perUnit": "£139.40 per 100ML",
      "regular": {
        "value": 82,
        "currency": "GBP",
        "text": "£82.00"
      },
      "current": {
        "value": 69.7,
        "currency": "GBP",
        "text": "£69.70"
      },
      "saving": {
        "value": 12.3,
        "currency": "GBP",
        "text": "£12.30"
      }
    },
    "objectId": "2977",
    "brand": "Christian Dior",
    "attributes": {
      "fragrance_scent": [
        "amber",
        "floral",
        "woody",
        "aromatic",
        "spicy"
      ],
      "StockOverrideMessage": "STOCK_COMING_SOON",
      "Size": "50ml",
      "parentCategory_UK": "33071",
      "fragrance_type": "eau de toilette",
      "hasPriceAdvantageDeal": false,
      "Reporting_Category": "fragrance",
      "ProductReviewFlag": "1"
    },
    "variants": {
      "colours": [],
      "hasColours": false,
      "hasSizes": false
    },
    "categories": [
      [
        {
          "name": "fragrance",
          "label": "fragrance"
        },
        {
          "name": "gift",
          "label": "gift"
        }
      ],
      [
        {
          "name": "perfume",
          "label": "fragrance > perfume"
        },
        {
          "name": "fragrance offers",
          "label": "fragrance > fragrance offers"
        },
        {
          "name": "gifts for her",
          "label": "gift > gifts for her"
        }
      ],
      [
        {
          "name": "all perfumes",
          "label": "fragrance > perfume > all perfumes"
        },
        {
          "name": "floral perfume",
          "label": "fragrance > perfume > floral perfume"
        },
        {
          "name": "amber perfume",
          "label": "fragrance > perfume > amber perfume"
        },
        {
          "name": "save up to 20% on fragrance",
          "label": "fragrance > fragrance offers > save up to 20% on fragrance"
        },
        {
          "name": "Save 15% on 100s of fragrances",
          "label": "fragrance > fragrance offers > Save 15% on 100s of fragrances"
        },
        {
          "name": "all perfumes",
          "label": "gift > gifts for her > all perfumes"
        }
      ]
    ],
    "reviews": {
      "average": null,
      "count": null,
      "rounded": null
    },
    "parent": {
      "product": "2976",
      "partNumber": "10011448.P",
      "model": "10011448",
      "manufacturerModel": "1914952"
    },
    "images": {
      "thumbnail": "https://boots.scene7.com/is/image/Boots/10011448?wid=45&hei=60&op_sharpen=1"
    },
    "offers": [
      {
        "text": "Save up to 20 percent on selected fragrances"
      }
    ],
    "actions": {},
    "iconUri": "https://boots.scene7.com/is/image/Boots/10011448?op_sharpen=1",
    "title": "DIOR Miss Dior Eau de Toilette Original Spray 50ml",
    "referenceUri": "/miss-dior-eau-de-toilette-originale-spray-50ml-10011448",
    "canAddToBasket": "yes",
    "opticians": false,
    "inStock": true,
    "expressDelivery": false,
    "hasOtherPromotion": true,
    "channelPromotionalTextMap": {
      "-1": [
        "Save up to 20 percent on selected fragrances"
      ],
      "-6": [
        "Save up to 20 percent on selected fragrances"
      ]
    },
    "adCardPoints": 207
  },
  {
    "_id": {
      "$oid": "65ec108d9884656b92f55839"
    },
    "ppuQuantity": "30ML",
    "pricing": {
      "perUnit": "£110.00 per 100ML",
      "regular": {
        "value": 33,
        "currency": "GBP",
        "text": "£33.00"
      },
      "current": {
        "value": 33,
        "currency": "GBP",
        "text": "£33.00"
      }
    },
    "objectId": "2719601",
    "brand": "Ariana Grande",
    "attributes": {
      "fragrance_scent": [
        "amber",
        "woody"
      ],
      "fragrance_type": "eau de parfum",
      "hasPriceAdvantageDeal": false,
      "StockOverrideMessage": "STOCK_COMING_SOON",
      "ProductReviewFlag": "1"
    },
    "variants": {
      "colours": [],
      "hasColours": false,
      "hasSizes": false
    },
    "categories": [
      [
        {
          "name": "fragrance",
          "label": "fragrance"
        },
        {
          "name": "gift",
          "label": "gift"
        }
      ],
      [
        {
          "name": "perfume",
          "label": "fragrance > perfume"
        },
        {
          "name": "gifts for her",
          "label": "gift > gifts for her"
        },
        {
          "name": "celebrity fragrance",
          "label": "fragrance > celebrity fragrance"
        },
        {
          "name": "brands",
          "label": "fragrance > brands"
        },
        {
          "name": "5* rated perfumes & aftershaves",
          "label": "fragrance > 5* rated perfumes & aftershaves"
        }
      ],
      [
        {
          "name": "all perfumes",
          "label": "fragrance > perfume > all perfumes"
        },
        {
          "name": "vanilla perfume",
          "label": "fragrance > perfume > vanilla perfume"
        },
        {
          "name": "all perfumes",
          "label": "gift > gifts for her > all perfumes"
        }
      ]
    ],
    "reviews": {
      "average": 5,
      "count": 7,
      "rounded": 5
    },
    "parent": {
      "product": "2719600",
      "partNumber": "10317364.P",
      "model": "10317364",
      "manufacturerModel": "4150066"
    },
    "images": {
      "thumbnail": "https://boots.scene7.com/is/image/Boots/10317364?wid=45&hei=60&op_sharpen=1"
    },
    "offers": [],
    "actions": {},
    "iconUri": "https://boots.scene7.com/is/image/Boots/10317364?op_sharpen=1",
    "title": "Ariana Grande MOD Blush Eau de Parfum 30ml",
    "referenceUri": "/ariana-grande-mod-blush-eau-de-parfum-30ml-10317364",
    "canAddToBasket": "yes",
    "opticians": false,
    "inStock": true,
    "expressDelivery": false,
    "hasOtherPromotion": false,
    "channelPromotionalTextMap": {
      "-1": [],
      "-6": []
    },
    "adCardPoints": 99
  },
  {
    "_id": {
      "$oid": "65ec108d9884656b92f5583a"
    },
    "ppuQuantity": "50ML",
    "pricing": {
      "perUnit": "£161.50 per 100ML",
      "regular": {
        "value": 95,
        "currency": "GBP",
        "text": "£95.00"
      },
      "current": {
        "value": 80.75,
        "currency": "GBP",
        "text": "£80.75"
      },
      "saving": {
        "value": 14.25,
        "currency": "GBP",
        "text": "£14.25"
      }
    },
    "objectId": "2611023",
    "brand": "Hermes",
    "attributes": {
      "fragrance_scent": [
        "vanilla",
        "citrus",
        "woody"
      ],
      "size": "41-50",
      "gender": "womens",
      "format": "spray",
      "fragrance_type": "eau de toilette",
      "hasPriceAdvantageDeal": false,
      "Reporting_Category": "fragrance",
      "body_area": "body",
      "ProductReviewFlag": "1"
    },
    "variants": {
      "colours": [],
      "hasColours": false,
      "hasSizes": false
    },
    "categories": [
      [
        {
          "name": "fragrance",
          "label": "fragrance"
        },
        {
          "name": "gift",
          "label": "gift"
        }
      ],
      [
        {
          "name": "luxury fragrance",
          "label": "fragrance > luxury fragrance"
        },
        {
          "name": "perfume",
          "label": "fragrance > perfume"
        },
        {
          "name": "gifts for her",
          "label": "gift > gifts for her"
        }
      ],
      [
        {
          "name": "all perfumes",
          "label": "fragrance > perfume > all perfumes"
        },
        {
          "name": "vanilla perfume",
          "label": "fragrance > perfume > vanilla perfume"
        },
        {
          "name": "all perfumes",
          "label": "gift > gifts for her > all perfumes"
        }
      ]
    ],
    "reviews": {
      "average": 5,
      "count": 1,
      "rounded": 5
    },
    "parent": {
      "product": "2611022",
      "partNumber": "10302883.P",
      "model": "10302883",
      "manufacturerModel": "7904819"
    },
    "images": {
      "thumbnail": "https://boots.scene7.com/is/image/Boots/10302883?wid=45&hei=60&op_sharpen=1"
    },
    "offers": [
      {
        "text": "Free gift when you buy selected Hermes fragrance - online only, whilst stocks last"
      },
      {
        "text": "Save up to 20 percent on selected fragrances"
      }
    ],
    "actions": {},
    "iconUri": "https://boots.scene7.com/is/image/Boots/10302883?op_sharpen=1",
    "title": "Hermes Eau des Merveilles Eau de Toilette 50ml",
    "referenceUri": "/hermes-eau-des-merveilles-eau-de-toilette-50ml-10302883",
    "canAddToBasket": "yes",
    "opticians": false,
    "inStock": true,
    "expressDelivery": false,
    "hasOtherPromotion": true,
    "channelPromotionalTextMap": {
      "-1": [
        "Free gift when you buy selected Hermes fragrance - online only, whilst stocks last",
        "Save up to 20 percent on selected fragrances"
      ],
      "-6": [
        "Free gift when you buy selected Hermes fragrance - online only, whilst stocks last",
        "Save up to 20 percent on selected fragrances"
      ]
    },
    "adCardPoints": 240
  },
  {
    "_id": {
      "$oid": "65ec108d9884656b92f5583b"
    },
    "ppuQuantity": "100ML",
    "pricing": {
      "perUnit": "£119.00 per 100ML",
      "regular": {
        "value": 140,
        "currency": "GBP",
        "text": "£140.00"
      },
      "current": {
        "value": 119,
        "currency": "GBP",
        "text": "£119.00"
      },
      "saving": {
        "value": 21,
        "currency": "GBP",
        "text": "£21.00"
      }
    },
    "objectId": "2822649",
    "brand": "Valentino",
    "attributes": {
      "fragrance_scent": [
        "sweet",
        "floral"
      ],
      "StockOverrideMessage": "STOCK_COMING_SOON",
      "size": "71-100",
      "fragrance_type": "eau de parfum",
      "hasPriceAdvantageDeal": false,
      "ProductReviewFlag": "1"
    },
    "variants": {
      "colours": [],
      "hasColours": false,
      "hasSizes": false
    },
    "categories": [
      [
        {
          "name": "new in",
          "label": "new in"
        },
        {
          "name": "fragrance",
          "label": "fragrance"
        },
        {
          "name": "gift",
          "label": "gift"
        }
      ],
      [
        {
          "name": "new in fragrance",
          "label": "new in > new in fragrance"
        },
        {
          "name": "perfume",
          "label": "fragrance > perfume"
        },
        {
          "name": "gifts for her",
          "label": "gift > gifts for her"
        },
        {
          "name": "new in fragrance",
          "label": "fragrance > new in fragrance"
        },
        {
          "name": "brands",
          "label": "fragrance > brands"
        },
        {
          "name": "5* rated perfumes & aftershaves",
          "label": "fragrance > 5* rated perfumes & aftershaves"
        }
      ],
      [
        {
          "name": "all perfumes",
          "label": "fragrance > perfume > all perfumes"
        },
        {
          "name": "floral perfume",
          "label": "fragrance > perfume > floral perfume"
        },
        {
          "name": "all perfumes",
          "label": "gift > gifts for her > all perfumes"
        }
      ]
    ],
    "reviews": {
      "average": 4.84,
      "count": 822,
      "rounded": 4
    },
    "parent": {
      "product": "2822648",
      "partNumber": "10326986.P",
      "model": "10326986",
      "manufacturerModel": "5449928"
    },
    "images": {
      "thumbnail": "https://boots.scene7.com/is/image/Boots/10326986?wid=45&hei=60&op_sharpen=1"
    },
    "offers": [
      {
        "text": "Save up to 20 percent on selected fragrances"
      }
    ],
    "actions": {},
    "iconUri": "https://boots.scene7.com/is/image/Boots/10326986?op_sharpen=1",
    "title": "Valentino Born in Roma Donna Eau de Parfum Intense 100ml",
    "referenceUri": "/valentino-born-in-roma-donna-eau-de-parfum-intense-100ml-10326986",
    "canAddToBasket": "yes",
    "opticians": false,
    "inStock": true,
    "expressDelivery": false,
    "hasOtherPromotion": true,
    "channelPromotionalTextMap": {
      "-1": [
        "Save up to 20 percent on selected fragrances"
      ],
      "-6": [
        "Save up to 20 percent on selected fragrances"
      ]
    },
    "adCardPoints": 357
  },
  {
    "_id": {
      "$oid": "65ec108d9884656b92f5583c"
    },
    "ppuQuantity": "30ML",
    "pricing": {
      "perUnit": "£192.67 per 100ML",
      "regular": {
        "value": 68,
        "currency": "GBP",
        "text": "£68.00"
      },
      "current": {
        "value": 57.8,
        "currency": "GBP",
        "text": "£57.80"
      },
      "saving": {
        "value": 10.2,
        "currency": "GBP",
        "text": "£10.20"
      }
    },
    "objectId": "1498227",
    "brand": "Christian Dior",
    "attributes": {
      "fragrance_scent": [
        "woody",
        "fruity",
        "citrus"
      ],
      "gender": "womens",
      "size": "21-30",
      "StockOverrideMessage": "STOCK_COMING_SOON",
      "Size": "30ml",
      "parentCategory_UK": "33071",
      "fragrance_type": "eau de parfum",
      "hasPriceAdvantageDeal": false,
      "Reporting_Category": "fragrance",
      "ProductReviewFlag": "1"
    },
    "variants": {
      "colours": [],
      "hasColours": false,
      "hasSizes": false
    },
    "categories": [
      [
        {
          "name": "fragrance",
          "label": "fragrance"
        },
        {
          "name": "gift",
          "label": "gift"
        }
      ],
      [
        {
          "name": "5* rated perfumes & aftershaves",
          "label": "fragrance > 5* rated perfumes & aftershaves"
        },
        {
          "name": "perfume",
          "label": "fragrance > perfume"
        },
        {
          "name": "fragrance offers",
          "label": "fragrance > fragrance offers"
        },
        {
          "name": "gifts for her",
          "label": "gift > gifts for her"
        }
      ],
      [
        {
          "name": "all perfumes",
          "label": "fragrance > perfume > all perfumes"
        },
        {
          "name": "Save 15% on 100s of fragrances",
          "label": "fragrance > fragrance offers > Save 15% on 100s of fragrances"
        },
        {
          "name": "all perfumes",
          "label": "gift > gifts for her > all perfumes"
        }
      ]
    ],
    "reviews": {
      "average": 4.82,
      "count": 77,
      "rounded": 4
    },
    "parent": {
      "product": "1498226",
      "partNumber": "10173257.P",
      "model": "10173257",
      "manufacturerModel": "4016483"
    },
    "images": {
      "thumbnail": "https://boots.scene7.com/is/image/Boots/10173257?wid=45&hei=60&op_sharpen=1"
    },
    "offers": [
      {
        "text": "Save up to 20 percent on selected fragrances"
      }
    ],
    "actions": {},
    "iconUri": "https://boots.scene7.com/is/image/Boots/10173257?op_sharpen=1",
    "title": "DIOR ADDICT Eau de Parfum Spray 30ml",
    "referenceUri": "/dior-addict-eau-de-parfum-spray-30ml-10173257",
    "canAddToBasket": "yes",
    "opticians": false,
    "inStock": true,
    "expressDelivery": false,
    "hasOtherPromotion": true,
    "channelPromotionalTextMap": {
      "-1": [
        "Save up to 20 percent on selected fragrances"
      ],
      "-6": [
        "Save up to 20 percent on selected fragrances"
      ]
    },
    "adCardPoints": 171
  },
  {
    "_id": {
      "$oid": "65ec108d9884656b92f5583d"
    },
    "ppuQuantity": "100ML",
    "pricing": {
      "perUnit": "£110.50 per 100ML",
      "regular": {
        "value": 130,
        "currency": "GBP",
        "text": "£130.00"
      },
      "current": {
        "value": 110.5,
        "currency": "GBP",
        "text": "£110.50"
      },
      "saving": {
        "value": 19.5,
        "currency": "GBP",
        "text": "£19.50"
      }
    },
    "objectId": "2921113",
    "brand": "Valentino",
    "attributes": {
      "fragrance_scent": [
        "woody",
        "floral",
        "amber"
      ],
      "product_type": "body spray",
      "gender": "womens",
      "StockOverrideMessage": "STOCK_COMING_SOON",
      "size": "71-100",
      "fragrance_type": "eau de parfum",
      "format": "spray",
      "hasPriceAdvantageDeal": false,
      "ProductReviewFlag": "1"
    },
    "variants": {
      "colours": [],
      "hasColours": false,
      "hasSizes": false
    },
    "categories": [
      [
        {
          "name": "new in",
          "label": "new in"
        },
        {
          "name": "fragrance",
          "label": "fragrance"
        },
        {
          "name": "gift",
          "label": "gift"
        }
      ],
      [
        {
          "name": "new in fragrance",
          "label": "new in > new in fragrance"
        },
        {
          "name": "perfume",
          "label": "fragrance > perfume"
        },
        {
          "name": "gifts for her",
          "label": "gift > gifts for her"
        },
        {
          "name": "luxury fragrance",
          "label": "fragrance > luxury fragrance"
        },
        {
          "name": "new in fragrance",
          "label": "fragrance > new in fragrance"
        }
      ],
      [
        {
          "name": "all perfumes",
          "label": "fragrance > perfume > all perfumes"
        },
        {
          "name": "floral perfume",
          "label": "fragrance > perfume > floral perfume"
        },
        {
          "name": "amber perfume",
          "label": "fragrance > perfume > amber perfume"
        },
        {
          "name": "all perfumes",
          "label": "gift > gifts for her > all perfumes"
        }
      ]
    ],
    "reviews": {
      "average": 4.78,
      "count": 847,
      "rounded": 4
    },
    "parent": {
      "product": "2921112",
      "partNumber": "10338788.P",
      "model": "10338788",
      "manufacturerModel": "2002973"
    },
    "images": {
      "thumbnail": "https://boots.scene7.com/is/image/Boots/10338788?wid=45&hei=60&op_sharpen=1"
    },
    "offers": [
      {
        "text": "Save up to 20 percent on selected fragrances"
      }
    ],
    "actions": {},
    "iconUri": "https://boots.scene7.com/is/image/Boots/10338788?op_sharpen=1",
    "title": "Valentino Born In Roma Green Stravaganza Donna 100ml",
    "referenceUri": "/valentino-born-in-roma-green-stravaganza-donna-100ml-10338788",
    "canAddToBasket": "yes",
    "opticians": false,
    "inStock": true,
    "expressDelivery": false,
    "hasOtherPromotion": true,
    "channelPromotionalTextMap": {
      "-1": [
        "Save up to 20 percent on selected fragrances"
      ],
      "-6": [
        "Save up to 20 percent on selected fragrances"
      ]
    },
    "adCardPoints": 330
  },
  {
    "_id": {
      "$oid": "65ec108d9884656b92f5583e"
    },
    "ppuQuantity": "50ML",
    "pricing": {
      "perUnit": "£194.00 per 100ML",
      "regular": {
        "value": 97,
        "currency": "GBP",
        "text": "£97.00"
      },
      "current": {
        "value": 97,
        "currency": "GBP",
        "text": "£97.00"
      }
    },
    "objectId": "2716611",
    "brand": "Carolina Herrera",
    "attributes": {
      "fragrance_scent": [
        "floral",
        "woody",
        "vanilla"
      ],
      "gender": "womens",
      "StockOverrideMessage": "STOCK_COMING_SOON",
      "size": "41-50",
      "fragrance_type": "parfum",
      "hasPriceAdvantageDeal": false,
      "ProductReviewFlag": "1"
    },
    "variants": {
      "colours": [],
      "hasColours": false,
      "hasSizes": false
    },
    "categories": [
      [
        {
          "name": "fragrance",
          "label": "fragrance"
        },
        {
          "name": "sun & holiday",
          "label": "sun & holiday"
        },
        {
          "name": "gift",
          "label": "gift"
        }
      ],
      [
        {
          "name": "5* rated perfumes & aftershaves",
          "label": "fragrance > 5* rated perfumes & aftershaves"
        },
        {
          "name": "perfume",
          "label": "fragrance > perfume"
        },
        {
          "name": "love island",
          "label": "sun & holiday > love island"
        },
        {
          "name": "gifts for her",
          "label": "gift > gifts for her"
        }
      ],
      [
        {
          "name": "all perfumes",
          "label": "fragrance > perfume > all perfumes"
        },
        {
          "name": "shop the love island villa",
          "label": "sun & holiday > love island > shop the love island villa"
        },
        {
          "name": "all perfumes",
          "label": "gift > gifts for her > all perfumes"
        }
      ]
    ],
    "reviews": {
      "average": 4.75,
      "count": 713,
      "rounded": 4
    },
    "parent": {
      "product": "2716610",
      "partNumber": "10317151.P",
      "model": "10317151",
      "manufacturerModel": "4137671"
    },
    "images": {
      "thumbnail": "https://boots.scene7.com/is/image/Boots/10317151?wid=45&hei=60&op_sharpen=1"
    },
    "offers": [
      {
        "text": "Free gift when you buy selected Carolina Herrera - whilst stocks last"
      }
    ],
    "actions": {},
    "iconUri": "https://boots.scene7.com/is/image/Boots/10317151?op_sharpen=1",
    "title": "Carolina Herrera Very Good Girl Glam Parfum 50ml",
    "referenceUri": "/carolina-herrera-very-good-girl-glam-parfum-50ml-10317151",
    "canAddToBasket": "yes",
    "opticians": false,
    "inStock": true,
    "expressDelivery": false,
    "hasOtherPromotion": true,
    "channelPromotionalTextMap": {
      "-1": [
        "Free gift when you buy selected Carolina Herrera - whilst stocks last"
      ],
      "-6": [
        "Free gift when you buy selected Carolina Herrera - whilst stocks last"
      ]
    },
    "adCardPoints": 291
  },
  {
    "_id": {
      "$oid": "65ec108d9884656b92f5583f"
    },
    "ppuQuantity": "60ML",
    "pricing": {
      "perUnit": "£91.67 per 100ML",
      "regular": {
        "value": 55,
        "currency": "GBP",
        "text": "£55.00"
      },
      "current": {
        "value": 55,
        "currency": "GBP",
        "text": "£55.00"
      }
    },
    "objectId": "1299623",
    "brand": "Jimmy Choo",
    "attributes": {
      "fragrance_scent": [
        "aromatic",
        "floral",
        "fruity"
      ],
      "size": "51-70",
      "StockOverrideMessage": "STOCK_COMING_SOON",
      "parentCategory_UK": "33071",
      "fragrance_type": "eau de parfum",
      "recipient": "gifts for women",
      "hasPriceAdvantageDeal": false,
      "Reporting_Category": "fragrance",
      "gift_type": "fragrance gifts",
      "ProductReviewFlag": "1"
    },
    "variants": {
      "colours": [],
      "hasColours": false,
      "hasSizes": false
    },
    "categories": [
      [
        {
          "name": "gift",
          "label": "gift"
        },
        {
          "name": "fragrance",
          "label": "fragrance"
        }
      ],
      [
        {
          "name": "all gifts",
          "label": "gift > all gifts"
        },
        {
          "name": "perfume",
          "label": "fragrance > perfume"
        },
        {
          "name": "gifts for her",
          "label": "gift > gifts for her"
        },
        {
          "name": "fragrance offers",
          "label": "fragrance > fragrance offers"
        },
        {
          "name": "5* rated perfumes & aftershaves",
          "label": "fragrance > 5* rated perfumes & aftershaves"
        }
      ],
      [
        {
          "name": "all perfumes",
          "label": "fragrance > perfume > all perfumes"
        },
        {
          "name": "floral perfume",
          "label": "fragrance > perfume > floral perfume"
        },
        {
          "name": "all perfumes",
          "label": "gift > gifts for her > all perfumes"
        }
      ]
    ],
    "reviews": {
      "average": 4.73,
      "count": 186,
      "rounded": 4
    },
    "parent": {
      "product": "1299622",
      "partNumber": "10151893.P",
      "model": "10151893",
      "manufacturerModel": "1054252"
    },
    "images": {
      "thumbnail": "https://boots.scene7.com/is/image/Boots/10151893?wid=45&hei=60&op_sharpen=1"
    },
    "offers": [
      {
        "text": "Free gift when you buy selected Jimmy Choo fragrances - online only, whilst stocks last"
      }
    ],
    "actions": {},
    "iconUri": "https://boots.scene7.com/is/image/Boots/10151893?op_sharpen=1",
    "title": "Jimmy Choo Flash Eau de Parfum 60ml",
    "referenceUri": "/jimmy-choo-flash-eau-de-parfum-60ml-10151893",
    "canAddToBasket": "yes",
    "opticians": false,
    "inStock": true,
    "expressDelivery": false,
    "hasOtherPromotion": true,
    "channelPromotionalTextMap": {
      "-1": [
        "Free gift when you buy selected Jimmy Choo fragrances - online only, whilst stocks last"
      ],
      "-6": [
        "Free gift when you buy selected Jimmy Choo fragrances - online only, whilst stocks last"
      ]
    },
    "adCardPoints": 165
  },
  {
    "_id": {
      "$oid": "65ec108d9884656b92f55840"
    },
    "ppuQuantity": "30ML",
    "pricing": {
      "perUnit": "£189.83 per 100ML",
      "regular": {
        "value": 67,
        "currency": "GBP",
        "text": "£67.00"
      },
      "current": {
        "value": 56.95,
        "currency": "GBP",
        "text": "£56.95"
      },
      "saving": {
        "value": 10.05,
        "currency": "GBP",
        "text": "£10.05"
      }
    },
    "objectId": "2095951",
    "brand": "Giorgio Armani",
    "attributes": {
      "fragrance_scent": [
        "floral",
        "fruity",
        "jasmine",
        "vanilla",
        "spicy"
      ],
      "StockOverrideMessage": "STOCK_COMING_SOON",
      "gender": "womens",
      "size": "21-30",
      "fragrance_type": "eau de parfum",
      "hasPriceAdvantageDeal": false,
      "Reporting_Category": "fragrance",
      "ProductReviewFlag": "1"
    },
    "variants": {
      "colours": [],
      "hasColours": false,
      "hasSizes": false
    },
    "categories": [
      [
        {
          "name": "fragrance",
          "label": "fragrance"
        },
        {
          "name": "gift",
          "label": "gift"
        }
      ],
      [
        {
          "name": "5* rated perfumes & aftershaves",
          "label": "fragrance > 5* rated perfumes & aftershaves"
        },
        {
          "name": "perfume",
          "label": "fragrance > perfume"
        },
        {
          "name": "fragrance offers",
          "label": "fragrance > fragrance offers"
        },
        {
          "name": "gifts for her",
          "label": "gift > gifts for her"
        }
      ],
      [
        {
          "name": "all perfumes",
          "label": "fragrance > perfume > all perfumes"
        },
        {
          "name": "vanilla perfume",
          "label": "fragrance > perfume > vanilla perfume"
        },
        {
          "name": "floral perfume",
          "label": "fragrance > perfume > floral perfume"
        },
        {
          "name": "Triple points on top scents",
          "label": "fragrance > fragrance offers > Triple points on top scents"
        },
        {
          "name": "Save 15% on 100s of fragrances",
          "label": "fragrance > fragrance offers > Save 15% on 100s of fragrances"
        },
        {
          "name": "all perfumes",
          "label": "gift > gifts for her > all perfumes"
        }
      ]
    ],
    "reviews": {
      "average": 4.68,
      "count": 4897,
      "rounded": 4
    },
    "parent": {
      "product": "2095950",
      "partNumber": "10243538.P",
      "model": "10243538",
      "manufacturerModel": "8090998"
    },
    "images": {
      "thumbnail": "https://boots.scene7.com/is/image/Boots/10243538?wid=45&hei=60&op_sharpen=1"
    },
    "offers": [
      {
        "text": "Save up to 20 percent on selected fragrances"
      }
    ],
    "actions": {},
    "iconUri": "https://boots.scene7.com/is/image/Boots/10243538?op_sharpen=1",
    "title": "Giorgio Armani Si Passione Eau de Parfum 30ml",
    "referenceUri": "/giorgio-armani-si-passione-eau-de-parfum-30ml-10243538",
    "canAddToBasket": "yes",
    "opticians": false,
    "inStock": true,
    "expressDelivery": false,
    "hasOtherPromotion": true,
    "channelPromotionalTextMap": {
      "-1": [
        "Save up to 20 percent on selected fragrances"
      ],
      "-6": [
        "Save up to 20 percent on selected fragrances"
      ]
    },
    "adCardPoints": 168
  },
  {
    "_id": {
      "$oid": "65ec108d9884656b92f55841"
    },
    "ppuQuantity": "50ML",
    "pricing": {
      "perUnit": "£124.80 per 100ML",
      "regular": {
        "value": 78,
        "currency": "GBP",
        "text": "£78.00"
      },
      "current": {
        "value": 62.4,
        "currency": "GBP",
        "text": "£62.40"
      },
      "saving": {
        "value": 15.6,
        "currency": "GBP",
        "text": "£15.60"
      }
    },
    "objectId": "2096047",
    "brand": "Versace",
    "attributes": {
      "fragrance_scent": [
        "floral",
        "fruity",
        "woody"
      ],
      "StockOverrideMessage": "STOCK_COMING_SOON",
      "size": "41-50",
      "gender": "womens",
      "fragrance_type": "eau de parfum",
      "hasPriceAdvantageDeal": false,
      "Reporting_Category": "fragrance",
      "ProductReviewFlag": "1"
    },
    "variants": {
      "colours": [],
      "hasColours": false,
      "hasSizes": false
    },
    "categories": [
      [
        {
          "name": "gift",
          "label": "gift"
        },
        {
          "name": "fragrance",
          "label": "fragrance"
        }
      ],
      [
        {
          "name": "all gifts",
          "label": "gift > all gifts"
        },
        {
          "name": "perfume",
          "label": "fragrance > perfume"
        },
        {
          "name": "gifts for her",
          "label": "gift > gifts for her"
        },
        {
          "name": "5* rated perfumes & aftershaves",
          "label": "fragrance > 5* rated perfumes & aftershaves"
        }
      ],
      [
        {
          "name": "all perfumes",
          "label": "fragrance > perfume > all perfumes"
        },
        {
          "name": "floral perfume",
          "label": "fragrance > perfume > floral perfume"
        },
        {
          "name": "all perfumes",
          "label": "gift > gifts for her > all perfumes"
        }
      ]
    ],
    "reviews": {
      "average": 4.52,
      "count": 274,
      "rounded": 4
    },
    "parent": {
      "product": "2096046",
      "partNumber": "10243589.P",
      "model": "10243589",
      "manufacturerModel": "8074895"
    },
    "images": {
      "thumbnail": "https://boots.scene7.com/is/image/Boots/10243589?wid=45&hei=60&op_sharpen=1"
    },
    "offers": [
      {
        "text": "Save up to 20 percent on selected fragrances"
      }
    ],
    "actions": {},
    "iconUri": "https://boots.scene7.com/is/image/Boots/10243589?op_sharpen=1",
    "title": "Versace Dylan Blue Pour Femme Eau de Parfum 50ml",
    "referenceUri": "/Versace-Dylan-Blue-Pour-Femme-Eau-de-Parfum-50ml-10243589",
    "canAddToBasket": "yes",
    "opticians": false,
    "inStock": true,
    "expressDelivery": false,
    "hasOtherPromotion": true,
    "channelPromotionalTextMap": {
      "-1": [
        "Save up to 20 percent on selected fragrances"
      ],
      "-6": [
        "Save up to 20 percent on selected fragrances"
      ]
    },
    "adCardPoints": 186
  },
  {
    "_id": {
      "$oid": "65ec108d9884656b92f55842"
    },
    "ppuQuantity": "50ML",
    "pricing": {
      "perUnit": "£73.32 per 100ML",
      "regular": {
        "value": 55,
        "currency": "GBP",
        "text": "£55.00"
      },
      "current": {
        "value": 36.66,
        "currency": "GBP",
        "text": "£36.66"
      },
      "saving": {
        "value": 18.34,
        "currency": "GBP",
        "text": "£18.34"
      }
    },
    "objectId": "2871631",
    "brand": "Juicy Couture",
    "attributes": {
      "fragrance_scent": [
        "sweet",
        "fruity",
        "amber",
        "vanilla",
        "jasmine"
      ],
      "product_type": "body spray",
      "gender": "womens",
      "size": "41-50",
      "StockOverrideMessage": "STOCK_COMING_SOON",
      "fragrance_type": "eau de parfum",
      "format": "spray",
      "hasPriceAdvantageDeal": false,
      "ProductReviewFlag": "1"
    },
    "variants": {
      "colours": [],
      "hasColours": false,
      "hasSizes": false
    },
    "categories": [
      [
        {
          "name": "fragrance",
          "label": "fragrance"
        },
        {
          "name": "gift",
          "label": "gift"
        },
        {
          "name": "new in",
          "label": "new in"
        }
      ],
      [
        {
          "name": "perfume",
          "label": "fragrance > perfume"
        },
        {
          "name": "fragrance offers",
          "label": "fragrance > fragrance offers"
        },
        {
          "name": "gifts for her",
          "label": "gift > gifts for her"
        },
        {
          "name": "new in fragrance",
          "label": "fragrance > new in fragrance"
        },
        {
          "name": "brands",
          "label": "fragrance > brands"
        },
        {
          "name": "new in fragrance",
          "label": "new in > new in fragrance"
        }
      ],
      [
        {
          "name": "all perfumes",
          "label": "fragrance > perfume > all perfumes"
        },
        {
          "name": "vanilla perfume",
          "label": "fragrance > perfume > vanilla perfume"
        },
        {
          "name": "amber perfume",
          "label": "fragrance > perfume > amber perfume"
        },
        {
          "name": "save up to half price",
          "label": "fragrance > fragrance offers > save up to half price"
        },
        {
          "name": "all perfumes",
          "label": "gift > gifts for her > all perfumes"
        }
      ]
    ],
    "reviews": {
      "average": 4.47,
      "count": 380,
      "rounded": 4
    },
    "parent": {
      "product": "2871630",
      "partNumber": "10333305.P",
      "model": "10333305",
      "manufacturerModel": "5767180"
    },
    "images": {
      "thumbnail": "https://boots.scene7.com/is/image/Boots/10333305?wid=45&hei=60&op_sharpen=1"
    },
    "offers": [
      {
        "text": "Save up to 1/2 price on selected fragrances"
      }
    ],
    "actions": {},
    "iconUri": "https://boots.scene7.com/is/image/Boots/10333305?op_sharpen=1",
    "title": "Juicy Couture Viva La Juicy Sucre Eau de Parfum 50ml",
    "referenceUri": "/juicy-couture-viva-la-juicy-sucre-eau-de-parfum-50ml-10333305",
    "canAddToBasket": "yes",
    "opticians": false,
    "inStock": true,
    "expressDelivery": false,
    "hasOtherPromotion": true,
    "channelPromotionalTextMap": {
      "-1": [
        "Save up to 1/2 price on selected fragrances"
      ],
      "-6": [
        "Save up to 1/2 price on selected fragrances"
      ]
    },
    "adCardPoints": 108
  },
  {
    "_id": {
      "$oid": "65ec108d9884656b92f55843"
    },
    "ppuQuantity": "50ML",
    "pricing": {
      "perUnit": "£137.70 per 100ML",
      "regular": {
        "value": 81,
        "currency": "GBP",
        "text": "£81.00"
      },
      "current": {
        "value": 68.85,
        "currency": "GBP",
        "text": "£68.85"
      },
      "saving": {
        "value": 12.15,
        "currency": "GBP",
        "text": "£12.15"
      }
    },
    "objectId": "2176421",
    "brand": "Ralph Lauren",
    "attributes": {
      "fragrance_scent": [
        "floral",
        "woody",
        "jasmine",
        "fruity"
      ],
      "StockOverrideMessage": "STOCK_COMING_SOON",
      "gender": "womens",
      "size": "41-50",
      "fragrance_type": "eau de parfum",
      "hasPriceAdvantageDeal": false,
      "Reporting_Category": "fragrance",
      "ProductReviewFlag": "1"
    },
    "variants": {
      "colours": [],
      "hasColours": false,
      "hasSizes": false
    },
    "categories": [
      [
        {
          "name": "fragrance",
          "label": "fragrance"
        },
        {
          "name": "gift",
          "label": "gift"
        }
      ],
      [
        {
          "name": "perfume",
          "label": "fragrance > perfume"
        },
        {
          "name": "fragrance offers",
          "label": "fragrance > fragrance offers"
        },
        {
          "name": "gifts for her",
          "label": "gift > gifts for her"
        }
      ],
      [
        {
          "name": "all perfumes",
          "label": "fragrance > perfume > all perfumes"
        },
        {
          "name": "floral perfume",
          "label": "fragrance > perfume > floral perfume"
        },
        {
          "name": "Collect £10 worth of points when you spend £60",
          "label": "fragrance > fragrance offers > Collect £10 worth of points when you spend £60"
        },
        {
          "name": "Save 15% on 100s of fragrances",
          "label": "fragrance > fragrance offers > Save 15% on 100s of fragrances"
        },
        {
          "name": "all perfumes",
          "label": "gift > gifts for her > all perfumes"
        }
      ]
    ],
    "reviews": {
      "average": 4.45,
      "count": 139,
      "rounded": 4
    },
    "parent": {
      "product": "2176420",
      "partNumber": "10255334.P",
      "model": "10255334",
      "manufacturerModel": "8199248"
    },
    "images": {
      "thumbnail": "https://boots.scene7.com/is/image/Boots/10255334?wid=45&hei=60&op_sharpen=1"
    },
    "offers": [
      {
        "text": "Save up to 20 percent on selected fragrances"
      }
    ],
    "actions": {},
    "iconUri": "https://boots.scene7.com/is/image/Boots/10255334?op_sharpen=1",
    "title": "Ralph Lauren Woman Eau de Parfum 50ml",
    "referenceUri": "/ralph-lauren-woman-eau-de-parfum-50ml-10255334",
    "canAddToBasket": "yes",
    "opticians": false,
    "inStock": true,
    "expressDelivery": false,
    "hasOtherPromotion": true,
    "channelPromotionalTextMap": {
      "-1": [
        "Save up to 20 percent on selected fragrances"
      ],
      "-6": [
        "Save up to 20 percent on selected fragrances"
      ]
    },
    "adCardPoints": 204
  },
  {
    "_id": {
      "$oid": "65ec108d9884656b92f55844"
    },
    "ppuQuantity": "50ML",
    "pricing": {
      "perUnit": "£119.00 per 100ML",
      "regular": {
        "value": 70,
        "currency": "GBP",
        "text": "£70.00"
      },
      "current": {
        "value": 59.5,
        "currency": "GBP",
        "text": "£59.50"
      },
      "saving": {
        "value": 10.5,
        "currency": "GBP",
        "text": "£10.50"
      }
    },
    "objectId": "2932093",
    "brand": "Estee Lauder",
    "attributes": {
      "fragrance_scent": "vanilla",
      "product_type": "perfume",
      "StockOverrideMessage": "STOCK_COMING_SOON",
      "size": "41-50",
      "fragrance_type": "eau de parfum",
      "hasPriceAdvantageDeal": false,
      "ProductReviewFlag": "1"
    },
    "variants": {
      "colours": [],
      "hasColours": false,
      "hasSizes": false
    },
    "categories": [
      [
        {
          "name": "new in",
          "label": "new in"
        },
        {
          "name": "fragrance",
          "label": "fragrance"
        },
        {
          "name": "gift",
          "label": "gift"
        }
      ],
      [
        {
          "name": "new in fragrance",
          "label": "new in > new in fragrance"
        },
        {
          "name": "perfume",
          "label": "fragrance > perfume"
        },
        {
          "name": "gifts for her",
          "label": "gift > gifts for her"
        },
        {
          "name": "new in fragrance",
          "label": "fragrance > new in fragrance"
        },
        {
          "name": "brands",
          "label": "fragrance > brands"
        }
      ],
      [
        {
          "name": "all perfumes",
          "label": "fragrance > perfume > all perfumes"
        },
        {
          "name": "vanilla perfume",
          "label": "fragrance > perfume > vanilla perfume"
        },
        {
          "name": "all perfumes",
          "label": "gift > gifts for her > all perfumes"
        }
      ]
    ],
    "reviews": {
      "average": null,
      "count": null,
      "rounded": null
    },
    "parent": {
      "product": "2932092",
      "partNumber": "10340021.P",
      "model": "10340021",
      "manufacturerModel": "2268973"
    },
    "images": {
      "thumbnail": "https://boots.scene7.com/is/image/Boots/10340021?wid=45&hei=60&op_sharpen=1"
    },
    "offers": [
      {
        "text": "Save up to 20 percent on selected fragrances"
      }
    ],
    "actions": {},
    "iconUri": "https://boots.scene7.com/is/image/Boots/10340021?op_sharpen=1",
    "title": "Estée Lauder Bronze Goddess Nuit Eau de Parfum 50ml",
    "referenceUri": "/est%C3%A9e-lauder-bronze-goddess-nuit-eau-de-parfum-50ml-10340021",
    "canAddToBasket": "yes",
    "opticians": false,
    "inStock": true,
    "expressDelivery": false,
    "hasOtherPromotion": true,
    "channelPromotionalTextMap": {
      "-1": [
        "Save up to 20 percent on selected fragrances"
      ],
      "-6": [
        "Save up to 20 percent on selected fragrances"
      ]
    },
    "adCardPoints": 177
  },
  {
    "_id": {
      "$oid": "65ec108d9884656b92f55845"
    },
    "ppuQuantity": "50ML",
    "pricing": {
      "perUnit": "£124.00 per 100ML",
      "regular": {
        "value": 62,
        "currency": "GBP",
        "text": "£62.00"
      },
      "current": {
        "value": 62,
        "currency": "GBP",
        "text": "£62.00"
      }
    },
    "objectId": "2824647",
    "brand": "DKNY",
    "attributes": {
      "fragrance_scent": "fruity",
      "product_type": "perfume",
      "size": "41-50",
      "StockOverrideMessage": "STOCK_COMING_SOON",
      "gender": "womens",
      "fragrance_type": "eau de parfum",
      "format": "spray",
      "hasPriceAdvantageDeal": false,
      "key_features": "long lasting",
      "ProductReviewFlag": "1"
    },
    "variants": {
      "colours": [],
      "hasColours": false,
      "hasSizes": false
    },
    "categories": [
      [
        {
          "name": "new in",
          "label": "new in"
        },
        {
          "name": "fragrance",
          "label": "fragrance"
        },
        {
          "name": "gift",
          "label": "gift"
        }
      ],
      [
        {
          "name": "perfume",
          "label": "fragrance > perfume"
        },
        {
          "name": "gifts for her",
          "label": "gift > gifts for her"
        },
        {
          "name": "brands",
          "label": "fragrance > brands"
        }
      ],
      [
        {
          "name": "all perfumes",
          "label": "fragrance > perfume > all perfumes"
        },
        {
          "name": "all perfumes",
          "label": "gift > gifts for her > all perfumes"
        }
      ]
    ],
    "reviews": {
      "average": 5,
      "count": 1,
      "rounded": 5
    },
    "parent": {
      "product": "2824646",
      "partNumber": "10327125.P",
      "model": "10327125",
      "manufacturerModel": "5464153"
    },
    "images": {
      "thumbnail": "https://boots.scene7.com/is/image/Boots/10327125?wid=45&hei=60&op_sharpen=1"
    },
    "offers": [],
    "actions": {},
    "iconUri": "https://boots.scene7.com/is/image/Boots/10327125?op_sharpen=1",
    "title": "DKNY Be Delicious Eau de Parfum 50ml",
    "referenceUri": "/dkny-be-delicious-eau-de-parfum-50ml-10327125",
    "canAddToBasket": "yes",
    "opticians": false,
    "inStock": true,
    "expressDelivery": false,
    "hasOtherPromotion": false,
    "channelPromotionalTextMap": {
      "-1": [],
      "-6": []
    },
    "adCardPoints": 186
  },
  {
    "_id": {
      "$oid": "65ec108d9884656b92f55846"
    },
    "ppuQuantity": "50ML",
    "pricing": {
      "perUnit": "£164.90 per 100ML",
      "regular": {
        "value": 97,
        "currency": "GBP",
        "text": "£97.00"
      },
      "current": {
        "value": 82.45,
        "currency": "GBP",
        "text": "£82.45"
      },
      "saving": {
        "value": 14.55,
        "currency": "GBP",
        "text": "£14.55"
      }
    },
    "objectId": "1822213",
    "brand": "Christian Dior",
    "attributes": {
      "fragrance_scent": [
        "floral",
        "fruity"
      ],
      "size": "41-50",
      "StockOverrideMessage": "STOCK_COMING_SOON",
      "gender": "womens",
      "parentCategory_UK": "33071",
      "fragrance_type": "eau de parfum",
      "hasPriceAdvantageDeal": false,
      "Reporting_Category": "fragrance",
      "ProductReviewFlag": "1"
    },
    "variants": {
      "colours": [],
      "hasColours": false,
      "hasSizes": false
    },
    "categories": [
      [
        {
          "name": "fragrance",
          "label": "fragrance"
        },
        {
          "name": "gift",
          "label": "gift"
        }
      ],
      [
        {
          "name": "perfume",
          "label": "fragrance > perfume"
        },
        {
          "name": "fragrance offers",
          "label": "fragrance > fragrance offers"
        },
        {
          "name": "gifts for her",
          "label": "gift > gifts for her"
        }
      ],
      [
        {
          "name": "all perfumes",
          "label": "fragrance > perfume > all perfumes"
        },
        {
          "name": "floral perfume",
          "label": "fragrance > perfume > floral perfume"
        },
        {
          "name": "Save 15% on 100s of fragrances",
          "label": "fragrance > fragrance offers > Save 15% on 100s of fragrances"
        },
        {
          "name": "all perfumes",
          "label": "gift > gifts for her > all perfumes"
        }
      ]
    ],
    "reviews": {
      "average": 4.81,
      "count": 73,
      "rounded": 4
    },
    "parent": {
      "product": "1822212",
      "partNumber": "10213181.P",
      "model": "10213181",
      "manufacturerModel": "6546293"
    },
    "images": {
      "thumbnail": "https://boots.scene7.com/is/image/Boots/10213181?wid=45&hei=60&op_sharpen=1"
    },
    "offers": [
      {
        "text": "Save up to 20 percent on selected fragrances"
      }
    ],
    "actions": {},
    "iconUri": "https://boots.scene7.com/is/image/Boots/10213181?op_sharpen=1",
    "title": "DIOR Poison Girl Eau de Parfum Spray 50ml",
    "referenceUri": "/dior-poison-girl-eau-de-parfum-spray-50ml-10213181",
    "canAddToBasket": "yes",
    "opticians": false,
    "inStock": true,
    "expressDelivery": false,
    "hasOtherPromotion": true,
    "channelPromotionalTextMap": {
      "-1": [
        "Save up to 20 percent on selected fragrances"
      ],
      "-6": [
        "Save up to 20 percent on selected fragrances"
      ]
    },
    "adCardPoints": 246
  },
  {
    "_id": {
      "$oid": "65ec108d9884656b92f55847"
    },
    "ppuQuantity": "30ML",
    "pricing": {
      "perUnit": "£198.33 per 100ML",
      "regular": {
        "value": 70,
        "currency": "GBP",
        "text": "£70.00"
      },
      "current": {
        "value": 59.5,
        "currency": "GBP",
        "text": "£59.50"
      },
      "saving": {
        "value": 10.5,
        "currency": "GBP",
        "text": "£10.50"
      }
    },
    "objectId": "2631129",
    "brand": "Mugler",
    "attributes": {
      "fragrance_scent": [
        "amber",
        "floral",
        "woody"
      ],
      "format": "spray",
      "hasPriceAdvantageDeal": false,
      "size": "21-30",
      "ProductReviewFlag": "1"
    },
    "variants": {
      "colours": [],
      "hasColours": false,
      "hasSizes": false
    },
    "categories": [
      [
        {
          "name": "fragrance",
          "label": "fragrance"
        },
        {
          "name": "gift",
          "label": "gift"
        }
      ],
      [
        {
          "name": "5* rated perfumes & aftershaves",
          "label": "fragrance > 5* rated perfumes & aftershaves"
        },
        {
          "name": "perfume",
          "label": "fragrance > perfume"
        },
        {
          "name": "recommended",
          "label": "fragrance > recommended"
        },
        {
          "name": "gifts for her",
          "label": "gift > gifts for her"
        }
      ],
      [
        {
          "name": "all perfumes",
          "label": "fragrance > perfume > all perfumes"
        },
        {
          "name": "trending fragrance",
          "label": "fragrance > recommended > trending fragrance"
        },
        {
          "name": "all perfumes",
          "label": "gift > gifts for her > all perfumes"
        }
      ]
    ],
    "reviews": {
      "average": 4.78,
      "count": 303,
      "rounded": 4
    },
    "parent": {
      "product": "2631128",
      "partNumber": "10305614.P",
      "model": "10305614",
      "manufacturerModel": "8987440"
    },
    "images": {
      "thumbnail": "https://boots.scene7.com/is/image/Boots/10305614?wid=45&hei=60&op_sharpen=1"
    },
    "offers": [
      {
        "text": "Save up to 20 percent on selected fragrances"
      }
    ],
    "actions": {},
    "iconUri": "https://boots.scene7.com/is/image/Boots/10305614?op_sharpen=1",
    "title": "Mugler Alien Goddess Intense Eau de Parfum 30ml",
    "referenceUri": "/mugler-alien-goddess-intense-eau-de-parfum-30ml-10305614",
    "canAddToBasket": "yes",
    "opticians": false,
    "inStock": true,
    "expressDelivery": false,
    "hasOtherPromotion": true,
    "channelPromotionalTextMap": {
      "-1": [
        "Save up to 20 percent on selected fragrances"
      ],
      "-6": [
        "Save up to 20 percent on selected fragrances"
      ]
    },
    "adCardPoints": 177
  },
  {
    "_id": {
      "$oid": "65ec108d9884656b92f55848"
    },
    "ppuQuantity": "100ML",
    "pricing": {
      "perUnit": "£63.75 per 100ML",
      "regular": {
        "value": 75,
        "currency": "GBP",
        "text": "£75.00"
      },
      "current": {
        "value": 63.75,
        "currency": "GBP",
        "text": "£63.75"
      },
      "saving": {
        "value": 11.25,
        "currency": "GBP",
        "text": "£11.25"
      }
    },
    "objectId": "4144",
    "brand": "Clinique",
    "attributes": {
      "fragrance_scent": [
        "floral",
        "citrus",
        "fruity"
      ],
      "StockOverrideMessage": "STOCK_COMING_SOON",
      "size": "71-100",
      "Size": [
        "100ml",
        "100 ml"
      ],
      "parentCategory_UK": "33029",
      "fragrance_type": [
        "eau de toilette",
        "eau de parfum"
      ],
      "format": "spray",
      "hasPriceAdvantageDeal": false,
      "Reporting_Category": "fragrance",
      "body_area": "body",
      "ProductReviewFlag": "1"
    },
    "variants": {
      "colours": [],
      "hasColours": false,
      "hasSizes": false
    },
    "categories": [
      [
        {
          "name": "fragrance",
          "label": "fragrance"
        },
        {
          "name": "beauty & skincare",
          "label": "beauty & skincare"
        },
        {
          "name": "toiletries",
          "label": "toiletries"
        },
        {
          "name": "gift",
          "label": "gift"
        }
      ],
      [
        {
          "name": "5* rated perfumes & aftershaves",
          "label": "fragrance > 5* rated perfumes & aftershaves"
        },
        {
          "name": "premium beauty & skincare",
          "label": "beauty & skincare > premium beauty & skincare"
        },
        {
          "name": "skincare",
          "label": "beauty & skincare > skincare"
        },
        {
          "name": "perfume",
          "label": "fragrance > perfume"
        },
        {
          "name": "skincare",
          "label": "toiletries > skincare"
        },
        {
          "name": "gifts for her",
          "label": "gift > gifts for her"
        }
      ],
      [
        {
          "name": "save up to 25% across selected premium beauty and No7",
          "label": "beauty & skincare > premium beauty & skincare > save up to 25% across selected premium beauty and No7"
        },
        {
          "name": "skin type",
          "label": "beauty & skincare > skincare > skin type"
        },
        {
          "name": "skincare ingredients",
          "label": "beauty & skincare > skincare > skincare ingredients"
        },
        {
          "name": "all perfumes",
          "label": "fragrance > perfume > all perfumes"
        },
        {
          "name": "floral perfume",
          "label": "fragrance > perfume > floral perfume"
        },
        {
          "name": "skin type",
          "label": "toiletries > skincare > skin type"
        },
        {
          "name": "skincare ingredients",
          "label": "toiletries > skincare > skincare ingredients"
        },
        {
          "name": "all perfumes",
          "label": "gift > gifts for her > all perfumes"
        }
      ]
    ],
    "reviews": {
      "average": 4.73,
      "count": 111,
      "rounded": 4
    },
    "parent": {
      "product": "4143",
      "partNumber": "10014412.P",
      "model": "10014412",
      "manufacturerModel": "3266443"
    },
    "images": {
      "thumbnail": "https://boots.scene7.com/is/image/Boots/10014412?wid=45&hei=60&op_sharpen=1"
    },
    "offers": [
      {
        "text": "Free gift when you spend £65 or more on selected Clinique - online only while stocks last"
      },
      {
        "text": "Save up to 25 percent across selected Premium Beauty"
      }
    ],
    "actions": {},
    "iconUri": "https://boots.scene7.com/is/image/Boots/10014412?op_sharpen=1",
    "title": "Clinique Happy Perfume Spray 100ml",
    "referenceUri": "/clinique-happy-perfume-spray-100ml-10014412",
    "canAddToBasket": "yes",
    "opticians": false,
    "inStock": true,
    "expressDelivery": false,
    "hasOtherPromotion": true,
    "channelPromotionalTextMap": {
      "-1": [
        "Free gift when you spend £65 or more on selected Clinique - online only while stocks last",
        "Save up to 25 percent across selected Premium Beauty"
      ],
      "-6": [
        "Free gift when you spend £65 or more on selected Clinique - online only while stocks last",
        "Save up to 25 percent across selected Premium Beauty"
      ]
    },
    "adCardPoints": 189
  },
  {
    "_id": {
      "$oid": "65ec108d9884656b92f55849"
    },
    "ppuQuantity": "30ML",
    "pricing": {
      "perUnit": "£158.67 per 100ML",
      "regular": {
        "value": 56,
        "currency": "GBP",
        "text": "£56.00"
      },
      "current": {
        "value": 47.6,
        "currency": "GBP",
        "text": "£47.60"
      },
      "saving": {
        "value": 8.4,
        "currency": "GBP",
        "text": "£8.40"
      }
    },
    "objectId": "2041957",
    "brand": "Jean Paul Gaultier",
    "attributes": {
      "fragrance_scent": [
        "aromatic",
        "floral"
      ],
      "gender": "womens",
      "size": "21-30",
      "StockOverrideMessage": "STOCK_COMING_SOON",
      "parentCategory_UK": "33071",
      "fragrance_type": "eau de parfum",
      "hasPriceAdvantageDeal": false,
      "Reporting_Category": "fragrance",
      "ProductReviewFlag": "1"
    },
    "variants": {
      "colours": [],
      "hasColours": false,
      "hasSizes": false
    },
    "categories": [
      [
        {
          "name": "fragrance",
          "label": "fragrance"
        },
        {
          "name": "gift",
          "label": "gift"
        }
      ],
      [
        {
          "name": "5* rated perfumes & aftershaves",
          "label": "fragrance > 5* rated perfumes & aftershaves"
        },
        {
          "name": "perfume",
          "label": "fragrance > perfume"
        },
        {
          "name": "gifts for her",
          "label": "gift > gifts for her"
        }
      ],
      [
        {
          "name": "all perfumes",
          "label": "fragrance > perfume > all perfumes"
        },
        {
          "name": "floral perfume",
          "label": "fragrance > perfume > floral perfume"
        },
        {
          "name": "all perfumes",
          "label": "gift > gifts for her > all perfumes"
        }
      ]
    ],
    "reviews": {
      "average": 4.73,
      "count": 362,
      "rounded": 4
    },
    "parent": {
      "product": "2041956",
      "partNumber": "10237438.P",
      "model": "10237438",
      "manufacturerModel": "7925395"
    },
    "images": {
      "thumbnail": "https://boots.scene7.com/is/image/Boots/10237438?wid=45&hei=60&op_sharpen=1"
    },
    "offers": [
      {
        "text": "Save up to 20 percent on selected fragrances"
      }
    ],
    "actions": {},
    "iconUri": "https://boots.scene7.com/is/image/Boots/10237438?op_sharpen=1",
    "title": "Jean Paul Gaultier Scandal Eau de Parfum 30ml",
    "referenceUri": "/jean-paul-gaultier-scandal-eau-de-parfum-30ml-10237438",
    "canAddToBasket": "yes",
    "opticians": false,
    "inStock": true,
    "expressDelivery": false,
    "hasOtherPromotion": true,
    "channelPromotionalTextMap": {
      "-1": [
        "Save up to 20 percent on selected fragrances"
      ],
      "-6": [
        "Save up to 20 percent on selected fragrances"
      ]
    },
    "adCardPoints": 141
  },
  {
    "_id": {
      "$oid": "65ec108d9884656b92f5584a"
    },
    "ppuQuantity": "50ML",
    "pricing": {
      "perUnit": "£100.80 per 100ML",
      "regular": {
        "value": 63,
        "currency": "GBP",
        "text": "£63.00"
      },
      "current": {
        "value": 50.4,
        "currency": "GBP",
        "text": "£50.40"
      },
      "saving": {
        "value": 12.6,
        "currency": "GBP",
        "text": "£12.60"
      }
    },
    "objectId": "2007114",
    "brand": "Elie Saab",
    "attributes": {
      "fragrance_scent": [
        "woody",
        "fruity",
        "sweet"
      ],
      "StockOverrideMessage": "STOCK_COMING_SOON",
      "gender": "womens",
      "size": "41-50",
      "parentCategory_UK": "33071",
      "fragrance_type": "eau de parfum",
      "hasPriceAdvantageDeal": false,
      "Reporting_Category": "fragrance",
      "ProductReviewFlag": "1"
    },
    "variants": {
      "colours": [],
      "hasColours": false,
      "hasSizes": false
    },
    "categories": [
      [
        {
          "name": "fragrance",
          "label": "fragrance"
        },
        {
          "name": "gift",
          "label": "gift"
        }
      ],
      [
        {
          "name": "perfume",
          "label": "fragrance > perfume"
        },
        {
          "name": "fragrance offers",
          "label": "fragrance > fragrance offers"
        },
        {
          "name": "gifts for her",
          "label": "gift > gifts for her"
        }
      ],
      [
        {
          "name": "all perfumes",
          "label": "fragrance > perfume > all perfumes"
        },
        {
          "name": "save up to half price",
          "label": "fragrance > fragrance offers > save up to half price"
        },
        {
          "name": "all perfumes",
          "label": "gift > gifts for her > all perfumes"
        }
      ]
    ],
    "reviews": {
      "average": 4.73,
      "count": 90,
      "rounded": 4
    },
    "parent": {
      "product": "2007113",
      "partNumber": "10230893.P",
      "model": "10230893",
      "manufacturerModel": "6969275"
    },
    "images": {
      "thumbnail": "https://boots.scene7.com/is/image/Boots/10230893?wid=45&hei=60&op_sharpen=1"
    },
    "offers": [
      {
        "text": "Save up to 1/2 price on selected fragrances"
      }
    ],
    "actions": {},
    "iconUri": "https://boots.scene7.com/is/image/Boots/10230893?op_sharpen=1",
    "title": "Elie Saab Girl Of Now Eau de Parfum Spray 50ml",
    "referenceUri": "/elie-saab-girl-of-now-eau-de-parfum-spray-50ml-10230893",
    "canAddToBasket": "yes",
    "opticians": false,
    "inStock": true,
    "expressDelivery": false,
    "hasOtherPromotion": true,
    "channelPromotionalTextMap": {
      "-1": [
        "Save up to 1/2 price on selected fragrances"
      ],
      "-6": [
        "Save up to 1/2 price on selected fragrances"
      ]
    },
    "adCardPoints": 150
  },
  {
    "_id": {
      "$oid": "65ec108d9884656b92f5584b"
    },
    "ppuQuantity": "50ML",
    "pricing": {
      "perUnit": "£153.00 per 100ML",
      "regular": {
        "value": 90,
        "currency": "GBP",
        "text": "£90.00"
      },
      "current": {
        "value": 76.5,
        "currency": "GBP",
        "text": "£76.50"
      },
      "saving": {
        "value": 13.5,
        "currency": "GBP",
        "text": "£13.50"
      }
    },
    "objectId": "1234667",
    "brand": "Prada",
    "attributes": {
      "fragrance_scent": [
        "sweet",
        "spicy",
        "musk",
        "amber"
      ],
      "StockOverrideMessage": "STOCK_COMING_SOON",
      "gender": "womens",
      "size": "41-50",
      "Size": "50ml",
      "parentCategory_UK": "33071",
      "fragrance_type": "eau de parfum",
      "recipient": "gifts for women",
      "hasPriceAdvantageDeal": false,
      "Reporting_Category": "fragrance",
      "gift_type": "fragrance gifts",
      "ProductReviewFlag": "1"
    },
    "variants": {
      "colours": [],
      "hasColours": false,
      "hasSizes": false
    },
    "categories": [
      [
        {
          "name": "gift",
          "label": "gift"
        },
        {
          "name": "fragrance",
          "label": "fragrance"
        }
      ],
      [
        {
          "name": "all gifts",
          "label": "gift > all gifts"
        },
        {
          "name": "perfume",
          "label": "fragrance > perfume"
        },
        {
          "name": "fragrance offers",
          "label": "fragrance > fragrance offers"
        },
        {
          "name": "gifts for her",
          "label": "gift > gifts for her"
        }
      ],
      [
        {
          "name": "all perfumes",
          "label": "fragrance > perfume > all perfumes"
        },
        {
          "name": "musky perfume",
          "label": "fragrance > perfume > musky perfume"
        },
        {
          "name": "amber perfume",
          "label": "fragrance > perfume > amber perfume"
        },
        {
          "name": "save up to 60 percent",
          "label": "fragrance > fragrance offers > save up to 60 percent"
        },
        {
          "name": "all perfumes",
          "label": "gift > gifts for her > all perfumes"
        }
      ]
    ],
    "reviews": {
      "average": 4.7,
      "count": 4101,
      "rounded": 4
    },
    "parent": {
      "product": "1234666",
      "partNumber": "10132495.P",
      "model": "10132495",
      "manufacturerModel": "4253574"
    },
    "images": {
      "thumbnail": "https://boots.scene7.com/is/image/Boots/10132495?wid=45&hei=60&op_sharpen=1"
    },
    "offers": [
      {
        "text": "Save up to 20 percent on selected fragrances"
      }
    ],
    "actions": {},
    "iconUri": "https://boots.scene7.com/is/image/Boots/10132495?op_sharpen=1",
    "title": "Prada Candy Eau de Parfum 50ml",
    "referenceUri": "/prada-candy-eau-de-parfum-50ml",
    "canAddToBasket": "yes",
    "opticians": false,
    "inStock": true,
    "expressDelivery": false,
    "hasOtherPromotion": true,
    "channelPromotionalTextMap": {
      "-1": [
        "Save up to 20 percent on selected fragrances"
      ],
      "-6": [
        "Save up to 20 percent on selected fragrances"
      ]
    },
    "adCardPoints": 228
  },
  {
    "_id": {
      "$oid": "65ec108d9884656b92f5584c"
    },
    "ppuQuantity": "50ML",
    "pricing": {
      "perUnit": "£136.00 per 100ML",
      "regular": {
        "value": 80,
        "currency": "GBP",
        "text": "£80.00"
      },
      "current": {
        "value": 68,
        "currency": "GBP",
        "text": "£68.00"
      },
      "saving": {
        "value": 12,
        "currency": "GBP",
        "text": "£12.00"
      }
    },
    "objectId": "2007102",
    "brand": "Emporio Armani",
    "attributes": {
      "fragrance_scent": [
        "vanilla",
        "floral",
        "sweet",
        "fruity",
        "musk"
      ],
      "size": "41-50",
      "StockOverrideMessage": "STOCK_COMING_SOON",
      "gender": "womens",
      "parentCategory_UK": "33071",
      "fragrance_type": "eau de parfum",
      "recipient": "gifts for women",
      "hasPriceAdvantageDeal": false,
      "Reporting_Category": "fragrance",
      "gift_type": "fragrance gifts",
      "ProductReviewFlag": "1"
    },
    "variants": {
      "colours": [],
      "hasColours": false,
      "hasSizes": false
    },
    "categories": [
      [
        {
          "name": "fragrance",
          "label": "fragrance"
        },
        {
          "name": "gift",
          "label": "gift"
        }
      ],
      [
        {
          "name": "5* rated perfumes & aftershaves",
          "label": "fragrance > 5* rated perfumes & aftershaves"
        },
        {
          "name": "perfume",
          "label": "fragrance > perfume"
        },
        {
          "name": "fragrance offers",
          "label": "fragrance > fragrance offers"
        },
        {
          "name": "gifts for her",
          "label": "gift > gifts for her"
        }
      ],
      [
        {
          "name": "all perfumes",
          "label": "fragrance > perfume > all perfumes"
        },
        {
          "name": "vanilla perfume",
          "label": "fragrance > perfume > vanilla perfume"
        },
        {
          "name": "musky perfume",
          "label": "fragrance > perfume > musky perfume"
        },
        {
          "name": "floral perfume",
          "label": "fragrance > perfume > floral perfume"
        },
        {
          "name": "Triple points on top scents",
          "label": "fragrance > fragrance offers > Triple points on top scents"
        },
        {
          "name": "Collect £10 worth of points when you spend £60",
          "label": "fragrance > fragrance offers > Collect £10 worth of points when you spend £60"
        },
        {
          "name": "Save 15% on 100s of fragrances",
          "label": "fragrance > fragrance offers > Save 15% on 100s of fragrances"
        },
        {
          "name": "all perfumes",
          "label": "gift > gifts for her > all perfumes"
        }
      ]
    ],
    "reviews": {
      "average": 4.67,
      "count": 1479,
      "rounded": 4
    },
    "parent": {
      "product": "2007101",
      "partNumber": "10230885.P",
      "model": "10230885",
      "manufacturerModel": "6976670"
    },
    "images": {
      "thumbnail": "https://boots.scene7.com/is/image/Boots/10230885?wid=45&hei=60&op_sharpen=1"
    },
    "offers": [
      {
        "text": "Save up to 20 percent on selected fragrances"
      }
    ],
    "actions": {},
    "iconUri": "https://boots.scene7.com/is/image/Boots/10230885?op_sharpen=1",
    "title": "Emporio Armani Because It's You Eau de Parfum 50ml",
    "referenceUri": "/emporio-armani-because-its-you-eau-de-parfum-50ml-10230885",
    "canAddToBasket": "yes",
    "opticians": false,
    "inStock": true,
    "expressDelivery": false,
    "hasOtherPromotion": true,
    "channelPromotionalTextMap": {
      "-1": [
        "Save up to 20 percent on selected fragrances"
      ],
      "-6": [
        "Save up to 20 percent on selected fragrances"
      ]
    },
    "adCardPoints": 204
  },
  {
    "_id": {
      "$oid": "65ec108d9884656b92f5584d"
    },
    "ppuQuantity": "90ML",
    "pricing": {
      "perUnit": "£127.50 per 100ML",
      "regular": {
        "value": 135,
        "currency": "GBP",
        "text": "£135.00"
      },
      "current": {
        "value": 114.75,
        "currency": "GBP",
        "text": "£114.75"
      },
      "saving": {
        "value": 20.25,
        "currency": "GBP",
        "text": "£20.25"
      }
    },
    "objectId": "2562632",
    "brand": "Giorgio Armani",
    "attributes": {
      "fragrance_scent": [
        "woody",
        "floral"
      ],
      "size": "71-100",
      "gender": "womens",
      "StockOverrideMessage": "STOCK_COMING_SOON",
      "fragrance_type": "eau de parfum",
      "hasPriceAdvantageDeal": false,
      "Reporting_Category": "fragrance",
      "ProductReviewFlag": "1"
    },
    "variants": {
      "colours": [],
      "hasColours": false,
      "hasSizes": false
    },
    "categories": [
      [
        {
          "name": "gift",
          "label": "gift"
        },
        {
          "name": "fragrance",
          "label": "fragrance"
        }
      ],
      [
        {
          "name": "Eid gifts",
          "label": "gift > Eid gifts"
        },
        {
          "name": "perfume",
          "label": "fragrance > perfume"
        },
        {
          "name": "gifts for her",
          "label": "gift > gifts for her"
        },
        {
          "name": "5* rated perfumes & aftershaves",
          "label": "fragrance > 5* rated perfumes & aftershaves"
        }
      ],
      [
        {
          "name": "all perfumes",
          "label": "fragrance > perfume > all perfumes"
        },
        {
          "name": "floral perfume",
          "label": "fragrance > perfume > floral perfume"
        },
        {
          "name": "perfume refill bottles",
          "label": "fragrance > perfume > perfume refill bottles"
        },
        {
          "name": "all perfumes",
          "label": "gift > gifts for her > all perfumes"
        }
      ]
    ],
    "reviews": {
      "average": 4.62,
      "count": 1183,
      "rounded": 4
    },
    "parent": {
      "product": "2562631",
      "partNumber": "10298202.P",
      "model": "10298202",
      "manufacturerModel": "4736257"
    },
    "images": {
      "thumbnail": "https://boots.scene7.com/is/image/Boots/10298202?wid=45&hei=60&op_sharpen=1"
    },
    "offers": [
      {
        "text": "Save up to 20 percent on selected fragrances"
      }
    ],
    "actions": {},
    "iconUri": "https://boots.scene7.com/is/image/Boots/10298202?op_sharpen=1",
    "title": "Armani My Way Eau de Parfum Intense Refillable 90ml",
    "referenceUri": "/armani-my-way-eau-de-parfum-intense-90ml-10298202",
    "canAddToBasket": "yes",
    "opticians": false,
    "inStock": true,
    "expressDelivery": false,
    "hasOtherPromotion": true,
    "channelPromotionalTextMap": {
      "-1": [
        "Save up to 20 percent on selected fragrances"
      ],
      "-6": [
        "Save up to 20 percent on selected fragrances"
      ]
    },
    "adCardPoints": 342
  },
  {
    "_id": {
      "$oid": "65ec108d9884656b92f5584e"
    },
    "ppuQuantity": "100ML",
    "pricing": {
      "perUnit": "£53.00 per 100ML",
      "regular": {
        "value": 53,
        "currency": "GBP",
        "text": "£53.00"
      },
      "current": {
        "value": 53,
        "currency": "GBP",
        "text": "£53.00"
      }
    },
    "objectId": "2719599",
    "brand": "Ariana Grande",
    "attributes": {
      "fragrance_scent": "musk",
      "fragrance_type": "eau de parfum",
      "hasPriceAdvantageDeal": false,
      "StockOverrideMessage": "STOCK_COMING_SOON",
      "ProductReviewFlag": "1"
    },
    "variants": {
      "colours": [],
      "hasColours": false,
      "hasSizes": false
    },
    "categories": [
      [
        {
          "name": "fragrance",
          "label": "fragrance"
        },
        {
          "name": "gift",
          "label": "gift"
        }
      ],
      [
        {
          "name": "perfume",
          "label": "fragrance > perfume"
        },
        {
          "name": "gifts for her",
          "label": "gift > gifts for her"
        },
        {
          "name": "celebrity fragrance",
          "label": "fragrance > celebrity fragrance"
        },
        {
          "name": "5* rated perfumes & aftershaves",
          "label": "fragrance > 5* rated perfumes & aftershaves"
        }
      ],
      [
        {
          "name": "all perfumes",
          "label": "fragrance > perfume > all perfumes"
        },
        {
          "name": "vanilla perfume",
          "label": "fragrance > perfume > vanilla perfume"
        },
        {
          "name": "all perfumes",
          "label": "gift > gifts for her > all perfumes"
        }
      ]
    ],
    "reviews": {
      "average": 4.59,
      "count": 29,
      "rounded": 4
    },
    "parent": {
      "product": "2719598",
      "partNumber": "10317363.P",
      "model": "10317363",
      "manufacturerModel": "4150031"
    },
    "images": {
      "thumbnail": "https://boots.scene7.com/is/image/Boots/10317363?wid=45&hei=60&op_sharpen=1"
    },
    "offers": [],
    "actions": {},
    "iconUri": "https://boots.scene7.com/is/image/Boots/10317363?op_sharpen=1",
    "title": "Ariana Grande MOD Vanilla Eau de Parfum 100ml",
    "referenceUri": "/ariana-grande-mod-vanilla-eau-de-parfum-100ml-10317363",
    "canAddToBasket": "yes",
    "opticians": false,
    "inStock": true,
    "expressDelivery": false,
    "hasOtherPromotion": false,
    "channelPromotionalTextMap": {
      "-1": [],
      "-6": []
    },
    "adCardPoints": 159
  },
  {
    "_id": {
      "$oid": "65ec108d9884656b92f5584f"
    },
    "ppuQuantity": "50ML",
    "pricing": {
      "perUnit": "£144.50 per 100ML",
      "regular": {
        "value": 85,
        "currency": "GBP",
        "text": "£85.00"
      },
      "current": {
        "value": 72.25,
        "currency": "GBP",
        "text": "£72.25"
      },
      "saving": {
        "value": 12.75,
        "currency": "GBP",
        "text": "£12.75"
      }
    },
    "objectId": "1381414",
    "brand": "Estee Lauder",
    "attributes": {
      "fragrance_scent": [
        "amber",
        "floral",
        "woody"
      ],
      "gender": "womens",
      "size": "41-50",
      "StockOverrideMessage": "STOCK_COMING_SOON",
      "parentCategory_UK": "33071",
      "recipient": "gifts for women",
      "fragrance_type": "eau de parfum",
      "hasPriceAdvantageDeal": false,
      "Reporting_Category": "fragrance",
      "gift_type": "fragrance gifts",
      "ProductReviewFlag": "1"
    },
    "variants": {
      "colours": [],
      "hasColours": false,
      "hasSizes": false
    },
    "categories": [
      [
        {
          "name": "mother's day",
          "label": "mother's day"
        },
        {
          "name": "fragrance",
          "label": "fragrance"
        },
        {
          "name": "gift",
          "label": "gift"
        }
      ],
      [
        {
          "name": "shop all",
          "label": "mother's day > shop all"
        },
        {
          "name": "perfume",
          "label": "fragrance > perfume"
        },
        {
          "name": "recommended",
          "label": "fragrance > recommended"
        },
        {
          "name": "gifts for her",
          "label": "gift > gifts for her"
        },
        {
          "name": "5* rated perfumes & aftershaves",
          "label": "fragrance > 5* rated perfumes & aftershaves"
        }
      ],
      [
        {
          "name": "all perfumes",
          "label": "fragrance > perfume > all perfumes"
        },
        {
          "name": "floral perfume",
          "label": "fragrance > perfume > floral perfume"
        },
        {
          "name": "amber perfume",
          "label": "fragrance > perfume > amber perfume"
        },
        {
          "name": "best floral perfumes",
          "label": "fragrance > recommended > best floral perfumes"
        },
        {
          "name": "all perfumes",
          "label": "gift > gifts for her > all perfumes"
        }
      ]
    ],
    "reviews": {
      "average": 4.59,
      "count": 1207,
      "rounded": 4
    },
    "parent": {
      "product": "1381413",
      "partNumber": "10163175.P",
      "model": "10163175",
      "manufacturerModel": "1634461"
    },
    "images": {
      "thumbnail": "https://boots.scene7.com/is/image/Boots/10163175?wid=45&hei=60&op_sharpen=1"
    },
    "offers": [
      {
        "text": "Save 15 percent on selected fragrance"
      }
    ],
    "actions": {},
    "iconUri": "https://boots.scene7.com/is/image/Boots/10163175?op_sharpen=1",
    "title": "Estée Lauder Modern Muse Eau de Parfum 50ml",
    "referenceUri": "/estee-lauder-modern-muse-eau-de-parfum-50ml-new-10163175",
    "canAddToBasket": "yes",
    "opticians": false,
    "inStock": true,
    "expressDelivery": false,
    "hasOtherPromotion": true,
    "channelPromotionalTextMap": {
      "-1": [
        "Save 15 percent on selected fragrance"
      ],
      "-6": [
        "Save 15 percent on selected fragrance"
      ]
    },
    "adCardPoints": 216
  },
  {
    "_id": {
      "$oid": "65ec108d9884656b92f55850"
    },
    "ppuQuantity": "100ML",
    "pricing": {
      "perUnit": "£72.25 per 100ML",
      "regular": {
        "value": 85,
        "currency": "GBP",
        "text": "£85.00"
      },
      "current": {
        "value": 72.25,
        "currency": "GBP",
        "text": "£72.25"
      },
      "saving": {
        "value": 12.75,
        "currency": "GBP",
        "text": "£12.75"
      }
    },
    "objectId": "2917",
    "brand": "Calvin Klein",
    "attributes": {
      "fragrance_scent": [
        "amber",
        "floral",
        "woody",
        "citrus",
        "aromatic",
        "spicy"
      ],
      "StockOverrideMessage": "STOCK_COMING_SOON",
      "size": "71-100",
      "gender": "womens",
      "Size": [
        "100ml",
        "100 ml"
      ],
      "parentCategory_UK": "33071",
      "fragrance_type": "eau de parfum",
      "hasPriceAdvantageDeal": false,
      "Reporting_Category": "fragrance",
      "gift_type": "fragrance gifts",
      "ProductReviewFlag": "1"
    },
    "variants": {
      "colours": [],
      "hasColours": false,
      "hasSizes": false
    },
    "categories": [
      [
        {
          "name": "fragrance",
          "label": "fragrance"
        },
        {
          "name": "gift",
          "label": "gift"
        }
      ],
      [
        {
          "name": "5* rated perfumes & aftershaves",
          "label": "fragrance > 5* rated perfumes & aftershaves"
        },
        {
          "name": "perfume",
          "label": "fragrance > perfume"
        },
        {
          "name": "fragrance offers",
          "label": "fragrance > fragrance offers"
        },
        {
          "name": "gifts for her",
          "label": "gift > gifts for her"
        }
      ],
      [
        {
          "name": "all perfumes",
          "label": "fragrance > perfume > all perfumes"
        },
        {
          "name": "floral perfume",
          "label": "fragrance > perfume > floral perfume"
        },
        {
          "name": "amber perfume",
          "label": "fragrance > perfume > amber perfume"
        },
        {
          "name": "save up to 20% on fragrance",
          "label": "fragrance > fragrance offers > save up to 20% on fragrance"
        },
        {
          "name": "Save 15% on 100s of fragrances",
          "label": "fragrance > fragrance offers > Save 15% on 100s of fragrances"
        },
        {
          "name": "all perfumes",
          "label": "gift > gifts for her > all perfumes"
        }
      ]
    ],
    "reviews": {
      "average": 4.58,
      "count": 299,
      "rounded": 4
    },
    "parent": {
      "product": "2916",
      "partNumber": "10011388.P",
      "model": "10011388",
      "manufacturerModel": "2581612"
    },
    "images": {
      "thumbnail": "https://boots.scene7.com/is/image/Boots/10011388?wid=45&hei=60&op_sharpen=1"
    },
    "offers": [
      {
        "text": "Save 15 percent on selected fragrance"
      }
    ],
    "actions": {},
    "iconUri": "https://boots.scene7.com/is/image/Boots/10011388?op_sharpen=1",
    "title": "Calvin Klein Eternity for Women Eau de Parfum 100ml",
    "referenceUri": "/calvin-klein-eternity-eau-de-parfum-spray-100ml-10011388",
    "canAddToBasket": "yes",
    "opticians": false,
    "inStock": true,
    "expressDelivery": false,
    "hasOtherPromotion": true,
    "channelPromotionalTextMap": {
      "-1": [
        "Save 15 percent on selected fragrance"
      ],
      "-6": [
        "Save 15 percent on selected fragrance"
      ]
    },
    "adCardPoints": 216
  },
  {
    "_id": {
      "$oid": "65ec108d9884656b92f55851"
    },
    "ppuQuantity": "50ML",
    "pricing": {
      "perUnit": "£158.10 per 100ML",
      "regular": {
        "value": 93,
        "currency": "GBP",
        "text": "£93.00"
      },
      "current": {
        "value": 79.05,
        "currency": "GBP",
        "text": "£79.05"
      },
      "saving": {
        "value": 13.95,
        "currency": "GBP",
        "text": "£13.95"
      }
    },
    "objectId": "2426775",
    "brand": "Givenchy",
    "attributes": {
      "fragrance_scent": [
        "floral",
        "woody",
        "amber"
      ],
      "StockOverrideMessage": "STOCK_COMING_SOON",
      "size": "41-50",
      "gender": "womens",
      "format": "spray",
      "fragrance_type": "eau de parfum",
      "hasPriceAdvantageDeal": false,
      "Reporting_Category": "fragrance",
      "ProductReviewFlag": "1"
    },
    "variants": {
      "colours": [],
      "hasColours": false,
      "hasSizes": false
    },
    "categories": [
      [
        {
          "name": "fragrance",
          "label": "fragrance"
        },
        {
          "name": "gift",
          "label": "gift"
        }
      ],
      [
        {
          "name": "perfume",
          "label": "fragrance > perfume"
        },
        {
          "name": "gifts for her",
          "label": "gift > gifts for her"
        }
      ],
      [
        {
          "name": "all perfumes",
          "label": "fragrance > perfume > all perfumes"
        },
        {
          "name": "floral perfume",
          "label": "fragrance > perfume > floral perfume"
        },
        {
          "name": "amber perfume",
          "label": "fragrance > perfume > amber perfume"
        },
        {
          "name": "all perfumes",
          "label": "gift > gifts for her > all perfumes"
        }
      ]
    ],
    "reviews": {
      "average": 4.57,
      "count": 35,
      "rounded": 4
    },
    "parent": {
      "product": "2426774",
      "partNumber": "10285082.P",
      "model": "10285082",
      "manufacturerModel": "8948437"
    },
    "images": {
      "thumbnail": "https://boots.scene7.com/is/image/Boots/10285082?wid=45&hei=60&op_sharpen=1"
    },
    "offers": [
      {
        "text": "Free gift when you buy selected Givenchy - whilst stocks last"
      },
      {
        "text": "Save up to 20 percent on selected fragrances"
      }
    ],
    "actions": {},
    "iconUri": "https://boots.scene7.com/is/image/Boots/10285082?op_sharpen=1",
    "title": "Givenchy L'Interdit Eau de Parfum Intense 50ml",
    "referenceUri": "/givenchy-linterdit-eau-de-parfum-intense-50ml-10285082",
    "canAddToBasket": "yes",
    "opticians": false,
    "inStock": true,
    "expressDelivery": false,
    "hasOtherPromotion": true,
    "channelPromotionalTextMap": {
      "-1": [
        "Free gift when you buy selected Givenchy - whilst stocks last",
        "Save up to 20 percent on selected fragrances"
      ],
      "-6": [
        "Free gift when you buy selected Givenchy - whilst stocks last",
        "Save up to 20 percent on selected fragrances"
      ]
    },
    "adCardPoints": 237
  },
  {
    "_id": {
      "$oid": "65ec108d9884656b92f55852"
    },
    "ppuQuantity": "10ML",
    "pricing": {
      "perUnit": "£25.00 per 100ML",
      "regular": {
        "value": 2.5,
        "currency": "GBP",
        "text": "£2.50"
      },
      "current": {
        "value": 2.5,
        "currency": "GBP",
        "text": "£2.50"
      }
    },
    "objectId": "2432983",
    "brand": "Momento",
    "attributes": {
      "fragrance_scent": [
        "floral",
        "vanilla",
        "amber"
      ],
      "suitable_for": "vegan",
      "StockOverrideMessage": "STOCK_COMING_SOON",
      "gender": "womens",
      "size": "10",
      "fragrance_type": "eau de toilette",
      "format": "spray",
      "hasPriceAdvantageDeal": false,
      "Reporting_Category": "fragrance",
      "ProductReviewFlag": "1"
    },
    "variants": {
      "colours": [],
      "hasColours": false,
      "hasSizes": false
    },
    "categories": [
      [
        {
          "name": "vegan",
          "label": "vegan"
        },
        {
          "name": "fragrance",
          "label": "fragrance"
        },
        {
          "name": "gift",
          "label": "gift"
        },
        {
          "name": "wellness",
          "label": "wellness"
        },
        {
          "name": "beauty & skincare",
          "label": "beauty & skincare"
        }
      ],
      [
        {
          "name": "vegan fragrance",
          "label": "vegan > vegan fragrance"
        },
        {
          "name": "perfume",
          "label": "fragrance > perfume"
        },
        {
          "name": "gifts for her",
          "label": "gift > gifts for her"
        },
        {
          "name": "vegan",
          "label": "wellness > vegan"
        },
        {
          "name": "vegan beauty",
          "label": "beauty & skincare > vegan beauty"
        },
        {
          "name": "fragrance exclusives",
          "label": "fragrance > fragrance exclusives"
        },
        {
          "name": "vegan fragrance",
          "label": "fragrance > vegan fragrance"
        },
        {
          "name": "vegan beauty",
          "label": "vegan > vegan beauty"
        }
      ],
      [
        {
          "name": "all perfumes",
          "label": "fragrance > perfume > all perfumes"
        },
        {
          "name": "vanilla perfume",
          "label": "fragrance > perfume > vanilla perfume"
        },
        {
          "name": "floral perfume",
          "label": "fragrance > perfume > floral perfume"
        },
        {
          "name": "amber perfume",
          "label": "fragrance > perfume > amber perfume"
        },
        {
          "name": "all perfumes",
          "label": "gift > gifts for her > all perfumes"
        },
        {
          "name": "vegan beauty",
          "label": "wellness > vegan > vegan beauty"
        },
        {
          "name": "vegan fragrance",
          "label": "wellness > vegan > vegan fragrance"
        }
      ]
    ],
    "reviews": {
      "average": 4.41,
      "count": 56,
      "rounded": 4
    },
    "parent": {
      "product": "2432982",
      "partNumber": "10285871.P",
      "model": "10285871",
      "manufacturerModel": "8967652"
    },
    "images": {
      "thumbnail": "https://boots.scene7.com/is/image/Boots/10285871?wid=45&hei=60&op_sharpen=1"
    },
    "offers": [],
    "actions": {},
    "iconUri": "https://boots.scene7.com/is/image/Boots/10285871?op_sharpen=1",
    "title": "Momento Salt On My Skin Eau De Toilette 10ml",
    "referenceUri": "/momento-salt-eau-de-toilette-10ml-10285871",
    "canAddToBasket": "yes",
    "opticians": false,
    "inStock": true,
    "expressDelivery": false,
    "hasOtherPromotion": false,
    "channelPromotionalTextMap": {
      "-1": [],
      "-6": []
    },
    "adCardPoints": 6
  },
  {
    "_id": {
      "$oid": "65ec108d9884656b92f55853"
    },
    "ppuQuantity": "50ML",
    "pricing": {
      "perUnit": "£158.40 per 100ML",
      "regular": {
        "value": 99,
        "currency": "GBP",
        "text": "£99.00"
      },
      "current": {
        "value": 79.2,
        "currency": "GBP",
        "text": "£79.20"
      },
      "saving": {
        "value": 19.8,
        "currency": "GBP",
        "text": "£19.80"
      }
    },
    "objectId": "2593597",
    "brand": "Tiffany",
    "attributes": {
      "fragrance_scent": "floral",
      "gender": "womens",
      "StockOverrideMessage": "STOCK_COMING_SOON",
      "fragrance_type": "eau de parfum",
      "format": "spray",
      "hasPriceAdvantageDeal": false,
      "Reporting_Category": "fragrance",
      "ProductReviewFlag": "1"
    },
    "variants": {
      "colours": [],
      "hasColours": false,
      "hasSizes": false
    },
    "categories": [
      [
        {
          "name": "gift",
          "label": "gift"
        },
        {
          "name": "fragrance",
          "label": "fragrance"
        }
      ],
      [
        {
          "name": "perfume",
          "label": "fragrance > perfume"
        },
        {
          "name": "gifts for her",
          "label": "gift > gifts for her"
        },
        {
          "name": "luxury fragrance",
          "label": "fragrance > luxury fragrance"
        },
        {
          "name": "Eid gifts",
          "label": "gift > Eid gifts"
        },
        {
          "name": "luxury gifts",
          "label": "gift > luxury gifts"
        }
      ],
      [
        {
          "name": "all perfumes",
          "label": "fragrance > perfume > all perfumes"
        },
        {
          "name": "all perfumes",
          "label": "gift > gifts for her > all perfumes"
        }
      ]
    ],
    "reviews": {
      "average": 4.39,
      "count": 665,
      "rounded": 4
    },
    "parent": {
      "product": "2593596",
      "partNumber": "10300870.P",
      "model": "10300870",
      "manufacturerModel": "5519217"
    },
    "images": {
      "thumbnail": "https://boots.scene7.com/is/image/Boots/10300870?wid=45&hei=60&op_sharpen=1"
    },
    "offers": [
      {
        "text": "Save up to 20 percent on selected fragrances"
      }
    ],
    "actions": {},
    "iconUri": "https://boots.scene7.com/is/image/Boots/10300870?op_sharpen=1",
    "title": "Tiffany & Co. Rose Gold Eau de Parfum for Her 50ml",
    "referenceUri": "/tiffany-co-rose-gold-eau-de-parfum-for-her-50ml-10300870-",
    "canAddToBasket": "yes",
    "opticians": false,
    "inStock": true,
    "expressDelivery": false,
    "hasOtherPromotion": true,
    "channelPromotionalTextMap": {
      "-1": [
        "Save up to 20 percent on selected fragrances"
      ],
      "-6": [
        "Save up to 20 percent on selected fragrances"
      ]
    },
    "adCardPoints": 237
  },
  {
    "_id": {
      "$oid": "65ec108d9884656b92f55854"
    },
    "ppuQuantity": "80ML",
    "pricing": {
      "perUnit": "£120.59 per 100ML",
      "regular": {
        "value": 113.5,
        "currency": "GBP",
        "text": "£113.50"
      },
      "current": {
        "value": 96.47,
        "currency": "GBP",
        "text": "£96.47"
      },
      "saving": {
        "value": 17.03,
        "currency": "GBP",
        "text": "£17.03"
      }
    },
    "objectId": "2849639",
    "brand": "Givenchy",
    "attributes": {
      "fragrance_scent": [
        "woody",
        "floral"
      ],
      "product_type": "body spray",
      "StockOverrideMessage": "STOCK_COMING_SOON",
      "gender": "womens",
      "size": "71-100",
      "fragrance_type": "eau de parfum",
      "format": "spray",
      "hasPriceAdvantageDeal": false,
      "ProductReviewFlag": "1"
    },
    "variants": {
      "colours": [],
      "hasColours": false,
      "hasSizes": false
    },
    "categories": [
      [
        {
          "name": "fragrance",
          "label": "fragrance"
        },
        {
          "name": "gift",
          "label": "gift"
        },
        {
          "name": "new in",
          "label": "new in"
        }
      ],
      [
        {
          "name": "perfume",
          "label": "fragrance > perfume"
        },
        {
          "name": "gifts for her",
          "label": "gift > gifts for her"
        },
        {
          "name": "new in fragrance",
          "label": "fragrance > new in fragrance"
        },
        {
          "name": "brands",
          "label": "fragrance > brands"
        },
        {
          "name": "new in fragrance",
          "label": "new in > new in fragrance"
        }
      ],
      [
        {
          "name": "all perfumes",
          "label": "fragrance > perfume > all perfumes"
        },
        {
          "name": "floral perfume",
          "label": "fragrance > perfume > floral perfume"
        },
        {
          "name": "all perfumes",
          "label": "gift > gifts for her > all perfumes"
        }
      ]
    ],
    "reviews": {
      "average": 4.28,
      "count": 517,
      "rounded": 4
    },
    "parent": {
      "product": "2849638",
      "partNumber": "10330201.P",
      "model": "10330201",
      "manufacturerModel": "5709644"
    },
    "images": {
      "thumbnail": "https://boots.scene7.com/is/image/Boots/10330201?wid=45&hei=60&op_sharpen=1"
    },
    "offers": [
      {
        "text": "Free gift when you buy selected Givenchy - whilst stocks last"
      },
      {
        "text": "Save up to 20 percent on selected fragrances"
      }
    ],
    "actions": {},
    "iconUri": "https://boots.scene7.com/is/image/Boots/10330201?op_sharpen=1",
    "title": "Givenchy l'Interdit Eau de Parfum Rouge Ultime 80ml",
    "referenceUri": "/givenchy-l-interdit-eau-de-parfum-rouge-ultime-80ml-10330201",
    "canAddToBasket": "yes",
    "opticians": false,
    "inStock": true,
    "expressDelivery": false,
    "hasOtherPromotion": true,
    "channelPromotionalTextMap": {
      "-1": [
        "Free gift when you buy selected Givenchy - whilst stocks last",
        "Save up to 20 percent on selected fragrances"
      ],
      "-6": [
        "Free gift when you buy selected Givenchy - whilst stocks last",
        "Save up to 20 percent on selected fragrances"
      ]
    },
    "adCardPoints": 288
  },
  {
    "_id": {
      "$oid": "65ec108d9884656b92f55855"
    },
    "ppuQuantity": "35ML",
    "pricing": {
      "perUnit": "£163.91 per 100ML",
      "regular": {
        "value": 67.5,
        "currency": "GBP",
        "text": "£67.50"
      },
      "current": {
        "value": 57.37,
        "currency": "GBP",
        "text": "£57.37"
      },
      "saving": {
        "value": 10.13,
        "currency": "GBP",
        "text": "£10.13"
      }
    },
    "objectId": "2849635",
    "brand": "Givenchy",
    "attributes": {
      "fragrance_scent": [
        "woody",
        "floral"
      ],
      "product_type": "body spray",
      "StockOverrideMessage": "STOCK_COMING_SOON",
      "size": "31-40",
      "gender": "womens",
      "fragrance_type": "eau de parfum",
      "format": "spray",
      "hasPriceAdvantageDeal": false,
      "ProductReviewFlag": "1"
    },
    "variants": {
      "colours": [],
      "hasColours": false,
      "hasSizes": false
    },
    "categories": [
      [
        {
          "name": "fragrance",
          "label": "fragrance"
        },
        {
          "name": "gift",
          "label": "gift"
        },
        {
          "name": "new in",
          "label": "new in"
        }
      ],
      [
        {
          "name": "perfume",
          "label": "fragrance > perfume"
        },
        {
          "name": "gifts for her",
          "label": "gift > gifts for her"
        },
        {
          "name": "new in fragrance",
          "label": "fragrance > new in fragrance"
        },
        {
          "name": "brands",
          "label": "fragrance > brands"
        },
        {
          "name": "new in fragrance",
          "label": "new in > new in fragrance"
        }
      ],
      [
        {
          "name": "all perfumes",
          "label": "fragrance > perfume > all perfumes"
        },
        {
          "name": "floral perfume",
          "label": "fragrance > perfume > floral perfume"
        },
        {
          "name": "all perfumes",
          "label": "gift > gifts for her > all perfumes"
        }
      ]
    ],
    "reviews": {
      "average": 4.21,
      "count": 444,
      "rounded": 4
    },
    "parent": {
      "product": "2849634",
      "partNumber": "10330199.P",
      "model": "10330199",
      "manufacturerModel": "5709628"
    },
    "images": {
      "thumbnail": "https://boots.scene7.com/is/image/Boots/10330199?wid=45&hei=60&op_sharpen=1"
    },
    "offers": [
      {
        "text": "Save up to 20 percent on selected fragrances"
      }
    ],
    "actions": {},
    "iconUri": "https://boots.scene7.com/is/image/Boots/10330199?op_sharpen=1",
    "title": "Givenchy l'Interdit Eau de Parfum Rouge Ultime 35ml",
    "referenceUri": "/givenchy-l-interdit-eau-de-parfum-rouge-ultime-35ml-10330199",
    "canAddToBasket": "yes",
    "opticians": false,
    "inStock": true,
    "expressDelivery": false,
    "hasOtherPromotion": true,
    "channelPromotionalTextMap": {
      "-1": [
        "Save up to 20 percent on selected fragrances"
      ],
      "-6": [
        "Save up to 20 percent on selected fragrances"
      ]
    },
    "adCardPoints": 171
  },
  {
    "_id": {
      "$oid": "65ec108d9884656b92f55856"
    },
    "ppuQuantity": "30ML",
    "pricing": {
      "perUnit": "£127.50 per 100ML",
      "regular": {
        "value": 45,
        "currency": "GBP",
        "text": "£45.00"
      },
      "current": {
        "value": 38.25,
        "currency": "GBP",
        "text": "£38.25"
      },
      "saving": {
        "value": 6.75,
        "currency": "GBP",
        "text": "£6.75"
      }
    },
    "objectId": "2683165",
    "brand": "Christian Dior",
    "attributes": {
      "product_type": "hair oil",
      "StockOverrideMessage": "STOCK_COMING_SOON",
      "size": "21-30",
      "format": "oil",
      "hasPriceAdvantageDeal": false,
      "body_area": "hair",
      "ProductReviewFlag": "1"
    },
    "variants": {
      "colours": [],
      "hasColours": false,
      "hasSizes": false
    },
    "categories": [
      [
        {
          "name": "new in",
          "label": "new in"
        },
        {
          "name": "beauty & skincare",
          "label": "beauty & skincare"
        },
        {
          "name": "fragrance",
          "label": "fragrance"
        },
        {
          "name": "toiletries",
          "label": "toiletries"
        },
        {
          "name": "gift",
          "label": "gift"
        }
      ],
      [
        {
          "name": "new in premium beauty & skincare",
          "label": "new in > new in premium beauty & skincare"
        },
        {
          "name": "hair",
          "label": "beauty & skincare > hair"
        },
        {
          "name": "premium beauty & skincare",
          "label": "beauty & skincare > premium beauty & skincare"
        },
        {
          "name": "perfume",
          "label": "fragrance > perfume"
        },
        {
          "name": "hair",
          "label": "toiletries > hair"
        },
        {
          "name": "gifts for her",
          "label": "gift > gifts for her"
        }
      ],
      [
        {
          "name": "premium hair",
          "label": "beauty & skincare > hair > premium hair"
        },
        {
          "name": "premium hair",
          "label": "beauty & skincare > premium beauty & skincare > premium hair"
        },
        {
          "name": "save up to 25% across selected premium beauty and No7",
          "label": "beauty & skincare > premium beauty & skincare > save up to 25% across selected premium beauty and No7"
        },
        {
          "name": "new in premium beauty & skincare",
          "label": "beauty & skincare > premium beauty & skincare > new in premium beauty & skincare"
        },
        {
          "name": "all perfumes",
          "label": "fragrance > perfume > all perfumes"
        },
        {
          "name": "hair & body mists",
          "label": "fragrance > perfume > hair & body mists"
        },
        {
          "name": "premium hair",
          "label": "toiletries > hair > premium hair"
        },
        {
          "name": "all perfumes",
          "label": "gift > gifts for her > all perfumes"
        }
      ]
    ],
    "reviews": {
      "average": 4.02,
      "count": 50,
      "rounded": 4
    },
    "parent": {
      "product": "2683164",
      "partNumber": "10312973.P",
      "model": "10312973",
      "manufacturerModel": "2905981"
    },
    "images": {
      "thumbnail": "https://boots.scene7.com/is/image/Boots/10312973?wid=45&hei=60&op_sharpen=1"
    },
    "offers": [
      {
        "text": "Save up to 25 percent across selected Premium Beauty"
      }
    ],
    "actions": {},
    "iconUri": "https://boots.scene7.com/is/image/Boots/10312973?op_sharpen=1",
    "title": "DIOR Miss Dior Hair Oil 30ml",
    "referenceUri": "/dior-miss-dior-hair-oil-30ml-10312973",
    "canAddToBasket": "yes",
    "opticians": false,
    "inStock": true,
    "expressDelivery": false,
    "hasOtherPromotion": true,
    "channelPromotionalTextMap": {
      "-1": [
        "Save up to 25 percent across selected Premium Beauty"
      ],
      "-6": [
        "Save up to 25 percent across selected Premium Beauty"
      ]
    },
    "adCardPoints": 114
  },
  {
    "_id": {
      "$oid": "65ec108d9884656b92f55857"
    },
    "ppuQuantity": "100ML",
    "pricing": {
      "perUnit": "£49.99 per 100ML",
      "regular": {
        "value": 75,
        "currency": "GBP",
        "text": "£75.00"
      },
      "current": {
        "value": 49.99,
        "currency": "GBP",
        "text": "£49.99"
      },
      "saving": {
        "value": 25.01,
        "currency": "GBP",
        "text": "£25.01"
      }
    },
    "objectId": "2643637",
    "brand": "Juicy Couture",
    "attributes": {
      "fragrance_scent": "fruity",
      "StockOverrideMessage": "STOCK_COMING_SOON",
      "size": "71-100",
      "fragrance_type": "eau de parfum",
      "hasPriceAdvantageDeal": false,
      "ProductReviewFlag": "1"
    },
    "variants": {
      "colours": [],
      "hasColours": false,
      "hasSizes": false
    },
    "categories": [
      [
        {
          "name": "fragrance",
          "label": "fragrance"
        },
        {
          "name": "gift",
          "label": "gift"
        }
      ],
      [
        {
          "name": "fragrance offers",
          "label": "fragrance > fragrance offers"
        },
        {
          "name": "perfume",
          "label": "fragrance > perfume"
        },
        {
          "name": "gifts for her",
          "label": "gift > gifts for her"
        }
      ],
      [
        {
          "name": "all perfumes",
          "label": "fragrance > perfume > all perfumes"
        },
        {
          "name": "vanilla perfume",
          "label": "fragrance > perfume > vanilla perfume"
        },
        {
          "name": "save up to half price",
          "label": "fragrance > fragrance offers > save up to half price"
        },
        {
          "name": "all perfumes",
          "label": "gift > gifts for her > all perfumes"
        }
      ]
    ],
    "reviews": {
      "average": 4,
      "count": 7,
      "rounded": 4
    },
    "parent": {
      "product": "2643636",
      "partNumber": "10301459.P",
      "model": "10301459",
      "manufacturerModel": "1077341"
    },
    "images": {
      "thumbnail": "https://boots.scene7.com/is/image/Boots/10301459?wid=45&hei=60&op_sharpen=1"
    },
    "offers": [
      {
        "text": "Save up to 1/2 price on selected fragrances"
      }
    ],
    "actions": {},
    "iconUri": "https://boots.scene7.com/is/image/Boots/10301459?op_sharpen=1",
    "title": "Juicy Couture Viva La Juicy Eau de Parfum 100ml",
    "referenceUri": "/juicy-couture-viva-la-juicy-eau-de-parfum-100ml-10301459",
    "canAddToBasket": "yes",
    "opticians": false,
    "inStock": true,
    "expressDelivery": false,
    "hasOtherPromotion": true,
    "channelPromotionalTextMap": {
      "-1": [
        "Save up to 1/2 price on selected fragrances"
      ],
      "-6": [
        "Save up to 1/2 price on selected fragrances"
      ]
    },
    "adCardPoints": 147
  },
  {
    "_id": {
      "$oid": "65ec108d9884656b92f55858"
    },
    "ppuQuantity": "100ML",
    "pricing": {
      "perUnit": "£53.00 per 100ML",
      "regular": {
        "value": 53,
        "currency": "GBP",
        "text": "£53.00"
      },
      "current": {
        "value": 53,
        "currency": "GBP",
        "text": "£53.00"
      }
    },
    "objectId": "2308167",
    "brand": "Ariana Grande",
    "attributes": {
      "fragrance_scent": [
        "sweet",
        "floral",
        "musk"
      ],
      "StockOverrideMessage": "STOCK_COMING_SOON",
      "gender": "womens",
      "size": "71-100",
      "fragrance_type": "eau de toilette",
      "hasPriceAdvantageDeal": false,
      "ProductReviewFlag": "1"
    },
    "variants": {
      "colours": [],
      "hasColours": false,
      "hasSizes": false
    },
    "categories": [
      [
        {
          "name": "fragrance",
          "label": "fragrance"
        },
        {
          "name": "gift",
          "label": "gift"
        }
      ],
      [
        {
          "name": "celebrity fragrance",
          "label": "fragrance > celebrity fragrance"
        },
        {
          "name": "perfume",
          "label": "fragrance > perfume"
        },
        {
          "name": "gifts for her",
          "label": "gift > gifts for her"
        }
      ],
      [
        {
          "name": "all perfumes",
          "label": "fragrance > perfume > all perfumes"
        },
        {
          "name": "all perfumes",
          "label": "gift > gifts for her > all perfumes"
        }
      ]
    ],
    "reviews": {
      "average": 3.92,
      "count": 38,
      "rounded": 3
    },
    "parent": {
      "product": "2308166",
      "partNumber": "10268927.P",
      "model": "10268927",
      "manufacturerModel": "8618224"
    },
    "images": {
      "thumbnail": "https://boots.scene7.com/is/image/Boots/10268927?wid=45&hei=60&op_sharpen=1"
    },
    "offers": [],
    "actions": {},
    "iconUri": "https://boots.scene7.com/is/image/Boots/10268927?op_sharpen=1",
    "title": "Ariana Grande Thank U, Next Eau de Parfum 100ml",
    "referenceUri": "/ariana-grande-thank-u-next-eau-de-parfum-100ml-10268927",
    "canAddToBasket": "yes",
    "opticians": false,
    "inStock": true,
    "expressDelivery": false,
    "hasOtherPromotion": false,
    "channelPromotionalTextMap": {
      "-1": [],
      "-6": []
    },
    "adCardPoints": 159
  },
  {
    "_id": {
      "$oid": "65ec108d9884656b92f55859"
    },
    "ppuQuantity": "50ML",
    "pricing": {
      "perUnit": "£161.50 per 100ML",
      "regular": {
        "value": 95,
        "currency": "GBP",
        "text": "£95.00"
      },
      "current": {
        "value": 80.75,
        "currency": "GBP",
        "text": "£80.75"
      },
      "saving": {
        "value": 14.25,
        "currency": "GBP",
        "text": "£14.25"
      }
    },
    "objectId": "2600868",
    "brand": "Hermes",
    "attributes": {
      "fragrance_scent": [
        "floral",
        "spicy",
        "amber"
      ],
      "size": "41-50",
      "gender": "womens",
      "format": "spray",
      "fragrance_type": "eau de parfum",
      "hasPriceAdvantageDeal": false,
      "Reporting_Category": "fragrance",
      "body_area": "body",
      "ProductReviewFlag": "1"
    },
    "variants": {
      "colours": [],
      "hasColours": false,
      "hasSizes": false
    },
    "categories": [
      [
        {
          "name": "fragrance",
          "label": "fragrance"
        },
        {
          "name": "gift",
          "label": "gift"
        }
      ],
      [
        {
          "name": "luxury fragrance",
          "label": "fragrance > luxury fragrance"
        },
        {
          "name": "perfume",
          "label": "fragrance > perfume"
        },
        {
          "name": "gifts for her",
          "label": "gift > gifts for her"
        }
      ],
      [
        {
          "name": "all perfumes",
          "label": "fragrance > perfume > all perfumes"
        },
        {
          "name": "floral perfume",
          "label": "fragrance > perfume > floral perfume"
        },
        {
          "name": "amber perfume",
          "label": "fragrance > perfume > amber perfume"
        },
        {
          "name": "all perfumes",
          "label": "gift > gifts for her > all perfumes"
        }
      ]
    ],
    "reviews": {
      "average": 3,
      "count": 2,
      "rounded": 3
    },
    "parent": {
      "product": "2600867",
      "partNumber": "10301584.P",
      "model": "10301584",
      "manufacturerModel": "7081545"
    },
    "images": {
      "thumbnail": "https://boots.scene7.com/is/image/Boots/10301584?wid=45&hei=60&op_sharpen=1"
    },
    "offers": [
      {
        "text": "Free gift when you buy selected Hermes fragrance - online only, whilst stocks last"
      },
      {
        "text": "Free gift when you buy selected Hermes fragrance - online only, whilst stocks last"
      },
      {
        "text": "Save up to 20 percent on selected fragrances"
      }
    ],
    "actions": {},
    "iconUri": "https://boots.scene7.com/is/image/Boots/10301584?op_sharpen=1",
    "title": "Hermes Twilly d'Hermès Eau de Parfum 50ml",
    "referenceUri": "/hermes-twilly-d-herm%C3%A8s-eau-de-parfum-50ml-10301584",
    "canAddToBasket": "yes",
    "opticians": false,
    "inStock": true,
    "expressDelivery": false,
    "hasOtherPromotion": true,
    "channelPromotionalTextMap": {
      "-1": [
        "Free gift when you buy selected Hermes fragrance - online only, whilst stocks last",
        "Free gift when you buy selected Hermes fragrance - online only, whilst stocks last",
        "Save up to 20 percent on selected fragrances"
      ],
      "-6": [
        "Free gift when you buy selected Hermes fragrance - online only, whilst stocks last",
        "Free gift when you buy selected Hermes fragrance - online only, whilst stocks last",
        "Save up to 20 percent on selected fragrances"
      ]
    },
    "adCardPoints": 240
  },
  {
    "_id": {
      "$oid": "65ec108d9884656b92f5585a"
    },
    "ppuQuantity": "50ML",
    "pricing": {
      "perUnit": "£139.40 per 100ML",
      "regular": {
        "value": 82,
        "currency": "GBP",
        "text": "£82.00"
      },
      "current": {
        "value": 69.7,
        "currency": "GBP",
        "text": "£69.70"
      },
      "saving": {
        "value": 12.3,
        "currency": "GBP",
        "text": "£12.30"
      }
    },
    "objectId": "1498231",
    "brand": "Christian Dior",
    "attributes": {
      "fragrance_scent": [
        "floral",
        "fruity",
        "vanilla"
      ],
      "size": "41-50",
      "StockOverrideMessage": "STOCK_COMING_SOON",
      "gender": "womens",
      "Size": "50ml",
      "parentCategory_UK": "33071",
      "fragrance_type": "eau de toilette",
      "hasPriceAdvantageDeal": false,
      "Reporting_Category": "fragrance",
      "ProductReviewFlag": "1"
    },
    "variants": {
      "colours": [],
      "hasColours": false,
      "hasSizes": false
    },
    "categories": [
      [
        {
          "name": "fragrance",
          "label": "fragrance"
        },
        {
          "name": "gift",
          "label": "gift"
        }
      ],
      [
        {
          "name": "perfume",
          "label": "fragrance > perfume"
        },
        {
          "name": "fragrance offers",
          "label": "fragrance > fragrance offers"
        },
        {
          "name": "gifts for her",
          "label": "gift > gifts for her"
        }
      ],
      [
        {
          "name": "all perfumes",
          "label": "fragrance > perfume > all perfumes"
        },
        {
          "name": "vanilla perfume",
          "label": "fragrance > perfume > vanilla perfume"
        },
        {
          "name": "floral perfume",
          "label": "fragrance > perfume > floral perfume"
        },
        {
          "name": "Save 15% on 100s of fragrances",
          "label": "fragrance > fragrance offers > Save 15% on 100s of fragrances"
        },
        {
          "name": "all perfumes",
          "label": "gift > gifts for her > all perfumes"
        }
      ]
    ],
    "reviews": {
      "average": 5,
      "count": 8,
      "rounded": 5
    },
    "parent": {
      "product": "1498230",
      "partNumber": "10173260.P",
      "model": "10173260",
      "manufacturerModel": "4016548"
    },
    "images": {
      "thumbnail": "https://boots.scene7.com/is/image/Boots/10173260?wid=45&hei=60&op_sharpen=1"
    },
    "offers": [
      {
        "text": "Save up to 20 percent on selected fragrances"
      }
    ],
    "actions": {},
    "iconUri": "https://boots.scene7.com/is/image/Boots/10173260?op_sharpen=1",
    "title": "DIOR ADDICT Eau de Toilette Spray 50ml",
    "referenceUri": "/dior-addict-eau-de-toilette-spray-50ml-10173260",
    "canAddToBasket": "yes",
    "opticians": false,
    "inStock": true,
    "expressDelivery": false,
    "hasOtherPromotion": true,
    "channelPromotionalTextMap": {
      "-1": [
        "Save up to 20 percent on selected fragrances"
      ],
      "-6": [
        "Save up to 20 percent on selected fragrances"
      ]
    },
    "adCardPoints": 207
  },
  {
    "_id": {
      "$oid": "65ec108d9884656b92f5585b"
    },
    "ppuQuantity": "50ML",
    "pricing": {
      "perUnit": "£132.00 per 100ML",
      "regular": {
        "value": 66,
        "currency": "GBP",
        "text": "£66.00"
      },
      "current": {
        "value": 66,
        "currency": "GBP",
        "text": "£66.00"
      }
    },
    "objectId": "845583",
    "brand": "Issey Miyake",
    "attributes": {
      "fragrance_scent": [
        "floral",
        "woody",
        "aquatic",
        "fruity"
      ],
      "size": "41-50",
      "gender": "womens",
      "StockOverrideMessage": "STOCK_COMING_SOON",
      "parentCategory_UK": "33071",
      "fragrance_type": "eau de toilette",
      "hasPriceAdvantageDeal": false,
      "Reporting_Category": "fragrance",
      "gift_type": "fragrance gifts",
      "ProductReviewFlag": "1"
    },
    "variants": {
      "colours": [],
      "hasColours": false,
      "hasSizes": false
    },
    "categories": [
      [
        {
          "name": "fragrance",
          "label": "fragrance"
        },
        {
          "name": "gift",
          "label": "gift"
        }
      ],
      [
        {
          "name": "5* rated perfumes & aftershaves",
          "label": "fragrance > 5* rated perfumes & aftershaves"
        },
        {
          "name": "perfume",
          "label": "fragrance > perfume"
        },
        {
          "name": "gifts for her",
          "label": "gift > gifts for her"
        }
      ],
      [
        {
          "name": "all perfumes",
          "label": "fragrance > perfume > all perfumes"
        },
        {
          "name": "floral perfume",
          "label": "fragrance > perfume > floral perfume"
        },
        {
          "name": "all perfumes",
          "label": "gift > gifts for her > all perfumes"
        }
      ]
    ],
    "reviews": {
      "average": 4.82,
      "count": 44,
      "rounded": 4
    },
    "parent": {
      "product": "845582",
      "partNumber": "10011709.P",
      "model": "10011709",
      "manufacturerModel": "1907492"
    },
    "images": {
      "thumbnail": "https://boots.scene7.com/is/image/Boots/10011709?wid=45&hei=60&op_sharpen=1"
    },
    "offers": [],
    "actions": {},
    "iconUri": "https://boots.scene7.com/is/image/Boots/10011709?op_sharpen=1",
    "title": "Issey Miyake L'Eau d'Issey Eau de Toilette 50ml",
    "referenceUri": "/issey-miyake-leau-dissey-eau-de-toilette-spray-50ml-10011709",
    "canAddToBasket": "yes",
    "opticians": false,
    "inStock": true,
    "expressDelivery": false,
    "hasOtherPromotion": false,
    "channelPromotionalTextMap": {
      "-1": [],
      "-6": []
    },
    "adCardPoints": 198
  },
  {
    "_id": {
      "$oid": "65ec108d9884656b92f5585c"
    },
    "ppuQuantity": "90ML",
    "pricing": {
      "perUnit": "£110.50 per 100ML",
      "regular": {
        "value": 117,
        "currency": "GBP",
        "text": "£117.00"
      },
      "current": {
        "value": 99.45,
        "currency": "GBP",
        "text": "£99.45"
      },
      "saving": {
        "value": 17.55,
        "currency": "GBP",
        "text": "£17.55"
      }
    },
    "objectId": "2631133",
    "brand": "Mugler",
    "attributes": {
      "fragrance_scent": [
        "amber",
        "floral",
        "woody"
      ],
      "format": "spray",
      "hasPriceAdvantageDeal": false,
      "size": "71-100",
      "ProductReviewFlag": "1"
    },
    "variants": {
      "colours": [],
      "hasColours": false,
      "hasSizes": false
    },
    "categories": [
      [
        {
          "name": "fragrance",
          "label": "fragrance"
        },
        {
          "name": "gift",
          "label": "gift"
        }
      ],
      [
        {
          "name": "5* rated perfumes & aftershaves",
          "label": "fragrance > 5* rated perfumes & aftershaves"
        },
        {
          "name": "perfume",
          "label": "fragrance > perfume"
        },
        {
          "name": "gifts for her",
          "label": "gift > gifts for her"
        }
      ],
      [
        {
          "name": "all perfumes",
          "label": "fragrance > perfume > all perfumes"
        },
        {
          "name": "all perfumes",
          "label": "gift > gifts for her > all perfumes"
        }
      ]
    ],
    "reviews": {
      "average": 4.77,
      "count": 299,
      "rounded": 4
    },
    "parent": {
      "product": "2631132",
      "partNumber": "10305616.P",
      "model": "10305616",
      "manufacturerModel": "8987483"
    },
    "images": {
      "thumbnail": "https://boots.scene7.com/is/image/Boots/10305616?wid=45&hei=60&op_sharpen=1"
    },
    "offers": [
      {
        "text": "Free gift when you buy selected Mugler - whilst stocks last"
      },
      {
        "text": "Save up to 20 percent on selected fragrances"
      }
    ],
    "actions": {},
    "iconUri": "https://boots.scene7.com/is/image/Boots/10305616?op_sharpen=1",
    "title": "Mugler Alien Goddess Intense Eau de Parfum 90ml",
    "referenceUri": "/mugler-alien-goddess-intense-eau-de-parfum-90ml-10305616",
    "canAddToBasket": "yes",
    "opticians": false,
    "inStock": true,
    "expressDelivery": false,
    "hasOtherPromotion": true,
    "channelPromotionalTextMap": {
      "-1": [
        "Free gift when you buy selected Mugler - whilst stocks last",
        "Save up to 20 percent on selected fragrances"
      ],
      "-6": [
        "Free gift when you buy selected Mugler - whilst stocks last",
        "Save up to 20 percent on selected fragrances"
      ]
    },
    "adCardPoints": 297
  },
  {
    "_id": {
      "$oid": "65ec108d9884656b92f5585d"
    },
    "ppuQuantity": "100ML",
    "pricing": {
      "perUnit": "£96.90 per 100ML",
      "regular": {
        "value": 114,
        "currency": "GBP",
        "text": "£114.00"
      },
      "current": {
        "value": 96.9,
        "currency": "GBP",
        "text": "£96.90"
      },
      "saving": {
        "value": 17.1,
        "currency": "GBP",
        "text": "£17.10"
      }
    },
    "objectId": "1261539",
    "brand": "Christian Dior",
    "attributes": {
      "fragrance_scent": [
        "musk",
        "fruity",
        "woody"
      ],
      "size": "71-100",
      "gender": "womens",
      "StockOverrideMessage": "STOCK_COMING_SOON",
      "Size": "100g",
      "parentCategory_UK": "33071",
      "fragrance_type": "eau de toilette",
      "hasPriceAdvantageDeal": false,
      "Reporting_Category": "fragrance",
      "ProductReviewFlag": "1"
    },
    "variants": {
      "colours": [],
      "hasColours": false,
      "hasSizes": false
    },
    "categories": [
      [
        {
          "name": "fragrance",
          "label": "fragrance"
        },
        {
          "name": "gift",
          "label": "gift"
        }
      ],
      [
        {
          "name": "5* rated perfumes & aftershaves",
          "label": "fragrance > 5* rated perfumes & aftershaves"
        },
        {
          "name": "perfume",
          "label": "fragrance > perfume"
        },
        {
          "name": "fragrance offers",
          "label": "fragrance > fragrance offers"
        },
        {
          "name": "gifts for her",
          "label": "gift > gifts for her"
        }
      ],
      [
        {
          "name": "all perfumes",
          "label": "fragrance > perfume > all perfumes"
        },
        {
          "name": "musky perfume",
          "label": "fragrance > perfume > musky perfume"
        },
        {
          "name": "Save 15% on 100s of fragrances",
          "label": "fragrance > fragrance offers > Save 15% on 100s of fragrances"
        },
        {
          "name": "all perfumes",
          "label": "gift > gifts for her > all perfumes"
        }
      ]
    ],
    "reviews": {
      "average": 4.73,
      "count": 92,
      "rounded": 4
    },
    "parent": {
      "product": "1261538",
      "partNumber": "10139759.P",
      "model": "10139759",
      "manufacturerModel": "7800843"
    },
    "images": {
      "thumbnail": "https://boots.scene7.com/is/image/Boots/10139759?wid=45&hei=60&op_sharpen=1"
    },
    "offers": [
      {
        "text": "Save up to 20 percent on selected fragrances"
      }
    ],
    "actions": {},
    "iconUri": "https://boots.scene7.com/is/image/Boots/10139759?op_sharpen=1",
    "title": "DIOR ADDICT EAU FRAICHE Eau de Toilette Spray 100ml",
    "referenceUri": "/dior-addict-eau-fraiche-eau-de-toilette-spray-100ml-10139759",
    "canAddToBasket": "yes",
    "opticians": false,
    "inStock": true,
    "expressDelivery": false,
    "hasOtherPromotion": true,
    "channelPromotionalTextMap": {
      "-1": [
        "Save up to 20 percent on selected fragrances"
      ],
      "-6": [
        "Save up to 20 percent on selected fragrances"
      ]
    },
    "adCardPoints": 288
  },
  {
    "_id": {
      "$oid": "65ec108d9884656b92f5585e"
    },
    "ppuQuantity": "150ML",
    "pricing": {
      "perUnit": "£69.33 per 100ML",
      "regular": {
        "value": 130,
        "currency": "GBP",
        "text": "£130.00"
      },
      "current": {
        "value": 104,
        "currency": "GBP",
        "text": "£104.00"
      },
      "saving": {
        "value": 26,
        "currency": "GBP",
        "text": "£26.00"
      }
    },
    "objectId": "2849627",
    "brand": "Burberry",
    "attributes": {
      "fragrance_scent": [
        "amber",
        "vanilla",
        "aromatic"
      ],
      "product_type": "perfume",
      "size": "101-150",
      "StockOverrideMessage": "STOCK_COMING_SOON",
      "gender": "womens",
      "fragrance_type": "eau de parfum",
      "format": "spray",
      "hasPriceAdvantageDeal": false,
      "ProductReviewFlag": "1"
    },
    "variants": {
      "colours": [],
      "hasColours": false,
      "hasSizes": false
    },
    "categories": [
      [
        {
          "name": "fragrance",
          "label": "fragrance"
        },
        {
          "name": "gift",
          "label": "gift"
        },
        {
          "name": "new in",
          "label": "new in"
        }
      ],
      [
        {
          "name": "perfume",
          "label": "fragrance > perfume"
        },
        {
          "name": "gifts for her",
          "label": "gift > gifts for her"
        },
        {
          "name": "luxury fragrance",
          "label": "fragrance > luxury fragrance"
        },
        {
          "name": "new in fragrance",
          "label": "fragrance > new in fragrance"
        },
        {
          "name": "new in fragrance",
          "label": "new in > new in fragrance"
        }
      ],
      [
        {
          "name": "all perfumes",
          "label": "fragrance > perfume > all perfumes"
        },
        {
          "name": "vanilla perfume",
          "label": "fragrance > perfume > vanilla perfume"
        },
        {
          "name": "amber perfume",
          "label": "fragrance > perfume > amber perfume"
        },
        {
          "name": "perfume refill bottles",
          "label": "fragrance > perfume > perfume refill bottles"
        },
        {
          "name": "all perfumes",
          "label": "gift > gifts for her > all perfumes"
        }
      ]
    ],
    "reviews": {
      "average": 4.7,
      "count": 964,
      "rounded": 4
    },
    "parent": {
      "product": "2849626",
      "partNumber": "10330195.P",
      "model": "10330195",
      "manufacturerModel": "5709539"
    },
    "images": {
      "thumbnail": "https://boots.scene7.com/is/image/Boots/10330195?wid=45&hei=60&op_sharpen=1"
    },
    "offers": [
      {
        "text": "Free gift when you buy selected Burberry - whilst stocks last"
      },
      {
        "text": "Save up to 20 percent on selected fragrances"
      }
    ],
    "actions": {},
    "iconUri": "https://boots.scene7.com/is/image/Boots/10330195?op_sharpen=1",
    "title": "Burberry Goddess for Women Eau de Parfum Refill 150ml",
    "referenceUri": "/Burberry-Goddess-for-Women-Eau-de-Parfum-Refill-150ml-10330195",
    "canAddToBasket": "yes",
    "opticians": false,
    "inStock": true,
    "expressDelivery": false,
    "hasOtherPromotion": true,
    "channelPromotionalTextMap": {
      "-1": [
        "Free gift when you buy selected Burberry - whilst stocks last",
        "Save up to 20 percent on selected fragrances"
      ],
      "-6": [
        "Free gift when you buy selected Burberry - whilst stocks last",
        "Save up to 20 percent on selected fragrances"
      ]
    },
    "adCardPoints": 312
  },
  {
    "_id": {
      "$oid": "65ec108d9884656b92f5585f"
    },
    "ppuQuantity": "30ML",
    "pricing": {
      "perUnit": "£155.83 per 100ML",
      "regular": {
        "value": 55,
        "currency": "GBP",
        "text": "£55.00"
      },
      "current": {
        "value": 46.75,
        "currency": "GBP",
        "text": "£46.75"
      },
      "saving": {
        "value": 8.25,
        "currency": "GBP",
        "text": "£8.25"
      }
    },
    "objectId": "3786",
    "brand": "Estee Lauder",
    "attributes": {
      "fragrance_scent": [
        "woody",
        "jasmine",
        "floral"
      ],
      "StockOverrideMessage": "STOCK_COMING_SOON",
      "size": "21-30",
      "gender": "womens",
      "parentCategory_UK": "33071",
      "fragrance_type": "eau de parfum",
      "hasPriceAdvantageDeal": false,
      "Reporting_Category": "fragrance",
      "ProductReviewFlag": "1"
    },
    "variants": {
      "colours": [],
      "hasColours": false,
      "hasSizes": false
    },
    "categories": [
      [
        {
          "name": "fragrance",
          "label": "fragrance"
        },
        {
          "name": "gift",
          "label": "gift"
        }
      ],
      [
        {
          "name": "5* rated perfumes & aftershaves",
          "label": "fragrance > 5* rated perfumes & aftershaves"
        },
        {
          "name": "perfume",
          "label": "fragrance > perfume"
        },
        {
          "name": "gifts for her",
          "label": "gift > gifts for her"
        }
      ],
      [
        {
          "name": "all perfumes",
          "label": "fragrance > perfume > all perfumes"
        },
        {
          "name": "floral perfume",
          "label": "fragrance > perfume > floral perfume"
        },
        {
          "name": "all perfumes",
          "label": "gift > gifts for her > all perfumes"
        }
      ]
    ],
    "reviews": {
      "average": 4.67,
      "count": 1003,
      "rounded": 4
    },
    "parent": {
      "product": "3785",
      "partNumber": "10013162.P",
      "model": "10013162",
      "manufacturerModel": "1918648"
    },
    "images": {
      "thumbnail": "https://boots.scene7.com/is/image/Boots/10013162?wid=45&hei=60&op_sharpen=1"
    },
    "offers": [
      {
        "text": "Save up to 20 percent on selected fragrances"
      }
    ],
    "actions": {},
    "iconUri": "https://boots.scene7.com/is/image/Boots/10013162?op_sharpen=1",
    "title": "Estée Lauder Beautiful Eau de Parfum 30ml",
    "referenceUri": "/estee-lauder-beautiful-eau-de-parfum-spray-30ml-10013162",
    "canAddToBasket": "yes",
    "opticians": false,
    "inStock": true,
    "expressDelivery": false,
    "hasOtherPromotion": true,
    "channelPromotionalTextMap": {
      "-1": [
        "Save up to 20 percent on selected fragrances"
      ],
      "-6": [
        "Save up to 20 percent on selected fragrances"
      ]
    },
    "adCardPoints": 138
  },
  {
    "_id": {
      "$oid": "65ec108d9884656b92f55860"
    },
    "ppuQuantity": "50ML",
    "pricing": {
      "perUnit": "£185.00 per 100ML",
      "regular": {
        "value": 92.5,
        "currency": "GBP",
        "text": "£92.50"
      },
      "current": {
        "value": 92.5,
        "currency": "GBP",
        "text": "£92.50"
      }
    },
    "objectId": "2488018",
    "brand": "Carolina Herrera",
    "attributes": {
      "fragrance_scent": [
        "floral",
        "floral",
        "fruity",
        "vanilla"
      ],
      "StockOverrideMessage": "STOCK_COMING_SOON",
      "size": "50 - 99 ml",
      "fragrance_type": "eau de parfum",
      "hasPriceAdvantageDeal": false,
      "Reporting_Category": "fragrance",
      "ProductReviewFlag": "1"
    },
    "variants": {
      "colours": [],
      "hasColours": false,
      "hasSizes": false
    },
    "categories": [
      [
        {
          "name": "fragrance",
          "label": "fragrance"
        },
        {
          "name": "gift",
          "label": "gift"
        }
      ],
      [
        {
          "name": "5* rated perfumes & aftershaves",
          "label": "fragrance > 5* rated perfumes & aftershaves"
        },
        {
          "name": "perfume",
          "label": "fragrance > perfume"
        },
        {
          "name": "gifts for her",
          "label": "gift > gifts for her"
        }
      ],
      [
        {
          "name": "all perfumes",
          "label": "fragrance > perfume > all perfumes"
        },
        {
          "name": "floral perfume",
          "label": "fragrance > perfume > floral perfume"
        },
        {
          "name": "all perfumes",
          "label": "gift > gifts for her > all perfumes"
        }
      ]
    ],
    "reviews": {
      "average": 4.65,
      "count": 1589,
      "rounded": 4
    },
    "parent": {
      "product": "2488017",
      "partNumber": "10290748.P",
      "model": "10290748",
      "manufacturerModel": "2345137"
    },
    "images": {
      "thumbnail": "https://boots.scene7.com/is/image/Boots/10290748?wid=45&hei=60&op_sharpen=1"
    },
    "offers": [
      {
        "text": "Free gift when you buy selected Carolina Herrera - whilst stocks last"
      }
    ],
    "actions": {},
    "iconUri": "https://boots.scene7.com/is/image/Boots/10290748?op_sharpen=1",
    "title": "Carolina Herrera Very Good Girl Eau de Parfum 50ml",
    "referenceUri": "/carolina-herrera-very-good-girl-eau-de-parfum-50ml-10290748",
    "canAddToBasket": "yes",
    "opticians": false,
    "inStock": true,
    "expressDelivery": false,
    "hasOtherPromotion": true,
    "channelPromotionalTextMap": {
      "-1": [
        "Free gift when you buy selected Carolina Herrera - whilst stocks last"
      ],
      "-6": [
        "Free gift when you buy selected Carolina Herrera - whilst stocks last"
      ]
    },
    "adCardPoints": 276
  },
  {
    "_id": {
      "$oid": "65ec108d9884656b92f55861"
    },
    "ppuQuantity": "40ML",
    "pricing": {
      "perUnit": "£125.00 per 100ML",
      "regular": {
        "value": 50,
        "currency": "GBP",
        "text": "£50.00"
      },
      "current": {
        "value": 50,
        "currency": "GBP",
        "text": "£50.00"
      }
    },
    "objectId": "2176925",
    "brand": "Jimmy Choo",
    "attributes": {
      "fragrance_scent": [
        "floral",
        "woody",
        "fruity"
      ],
      "StockOverrideMessage": "STOCK_COMING_SOON",
      "gender": "womens",
      "size": "31-40",
      "fragrance_type": "eau de parfum",
      "hasPriceAdvantageDeal": false,
      "Reporting_Category": "fragrance",
      "ProductReviewFlag": "1"
    },
    "variants": {
      "colours": [],
      "hasColours": false,
      "hasSizes": false
    },
    "categories": [
      [
        {
          "name": "fragrance",
          "label": "fragrance"
        },
        {
          "name": "gift",
          "label": "gift"
        }
      ],
      [
        {
          "name": "5* rated perfumes & aftershaves",
          "label": "fragrance > 5* rated perfumes & aftershaves"
        },
        {
          "name": "perfume",
          "label": "fragrance > perfume"
        },
        {
          "name": "gifts for her",
          "label": "gift > gifts for her"
        }
      ],
      [
        {
          "name": "all perfumes",
          "label": "fragrance > perfume > all perfumes"
        },
        {
          "name": "floral perfume",
          "label": "fragrance > perfume > floral perfume"
        },
        {
          "name": "all perfumes",
          "label": "gift > gifts for her > all perfumes"
        }
      ]
    ],
    "reviews": {
      "average": 4.64,
      "count": 514,
      "rounded": 4
    },
    "parent": {
      "product": "2176924",
      "partNumber": "10255373.P",
      "model": "10255373",
      "manufacturerModel": "8217637"
    },
    "images": {
      "thumbnail": "https://boots.scene7.com/is/image/Boots/10255373?wid=45&hei=60&op_sharpen=1"
    },
    "offers": [],
    "actions": {},
    "iconUri": "https://boots.scene7.com/is/image/Boots/10255373?op_sharpen=1",
    "title": "Jimmy Choo Fever Eau de Parfum 40ml",
    "referenceUri": "/jimmy-choo-fever-eau-de-parfum-40ml-10255373",
    "canAddToBasket": "yes",
    "opticians": false,
    "inStock": true,
    "expressDelivery": false,
    "hasOtherPromotion": false,
    "channelPromotionalTextMap": {
      "-1": [],
      "-6": []
    },
    "adCardPoints": 150
  },
  {
    "_id": {
      "$oid": "65ec108d9884656b92f55862"
    },
    "ppuQuantity": "100ML",
    "pricing": {
      "perUnit": "£50.00 per 100ML",
      "regular": {
        "value": 50,
        "currency": "GBP",
        "text": "£50.00"
      },
      "current": {
        "value": 50,
        "currency": "GBP",
        "text": "£50.00"
      }
    },
    "objectId": "1744115",
    "brand": "Ariana Grande",
    "attributes": {
      "fragrance_scent": [
        "musk",
        "floral"
      ],
      "product_type": "gift set",
      "size": "71-100",
      "gender": "womens",
      "StockOverrideMessage": "STOCK_COMING_SOON",
      "parentCategory_UK": "33071",
      "fragrance_type": "eau de parfum",
      "hasPriceAdvantageDeal": false,
      "gift_type": "fragrance gift sets",
      "ProductReviewFlag": "1"
    },
    "variants": {
      "colours": [],
      "hasColours": false,
      "hasSizes": false
    },
    "categories": [
      [
        {
          "name": "fragrance",
          "label": "fragrance"
        },
        {
          "name": "gift",
          "label": "gift"
        }
      ],
      [
        {
          "name": "5* rated perfumes & aftershaves",
          "label": "fragrance > 5* rated perfumes & aftershaves"
        },
        {
          "name": "perfume",
          "label": "fragrance > perfume"
        },
        {
          "name": "gifts for her",
          "label": "gift > gifts for her"
        },
        {
          "name": "celebrity fragrance",
          "label": "fragrance > celebrity fragrance"
        }
      ],
      [
        {
          "name": "all perfumes",
          "label": "fragrance > perfume > all perfumes"
        },
        {
          "name": "all perfumes",
          "label": "gift > gifts for her > all perfumes"
        }
      ]
    ],
    "reviews": {
      "average": 4.64,
      "count": 153,
      "rounded": 4
    },
    "parent": {
      "product": "1744114",
      "partNumber": "10202110.P",
      "model": "10202110",
      "manufacturerModel": "6377955"
    },
    "images": {
      "thumbnail": "https://boots.scene7.com/is/image/Boots/10202110?wid=45&hei=60&op_sharpen=1"
    },
    "offers": [],
    "actions": {},
    "iconUri": "https://boots.scene7.com/is/image/Boots/10202110?op_sharpen=1",
    "title": "ARI by Ariana Grande Eau de Parfum 100ml",
    "referenceUri": "/ari-by-ariana-grande-eau-de-parfum-spray-100ml-10202110",
    "canAddToBasket": "yes",
    "opticians": false,
    "inStock": true,
    "expressDelivery": false,
    "hasOtherPromotion": false,
    "channelPromotionalTextMap": {
      "-1": [],
      "-6": []
    },
    "adCardPoints": 150
  },
  {
    "_id": {
      "$oid": "65ec108d9884656b92f55863"
    },
    "ppuQuantity": "75ML",
    "pricing": {
      "perUnit": "£66.00 per 100ML",
      "regular": {
        "value": 71,
        "currency": "GBP",
        "text": "£71.00"
      },
      "current": {
        "value": 49.5,
        "currency": "GBP",
        "text": "£49.50"
      },
      "saving": {
        "value": 21.5,
        "currency": "GBP",
        "text": "£21.50"
      }
    },
    "objectId": "950335",
    "brand": "Hugo Boss",
    "attributes": {
      "fragrance_scent": [
        "woody",
        "amber"
      ],
      "size": "71-100",
      "StockOverrideMessage": "STOCK_COMING_SOON",
      "gender": "womens",
      "parentCategory_UK": "33071",
      "fragrance_type": "eau de toilette",
      "hasPriceAdvantageDeal": false,
      "Reporting_Category": "fragrance",
      "gift_type": "fragrance gifts",
      "ProductReviewFlag": "1"
    },
    "variants": {
      "colours": [],
      "hasColours": false,
      "hasSizes": false
    },
    "categories": [
      [
        {
          "name": "fragrance",
          "label": "fragrance"
        },
        {
          "name": "gift",
          "label": "gift"
        }
      ],
      [
        {
          "name": "5* rated perfumes & aftershaves",
          "label": "fragrance > 5* rated perfumes & aftershaves"
        },
        {
          "name": "perfume",
          "label": "fragrance > perfume"
        },
        {
          "name": "fragrance offers",
          "label": "fragrance > fragrance offers"
        },
        {
          "name": "gifts for her",
          "label": "gift > gifts for her"
        }
      ],
      [
        {
          "name": "all perfumes",
          "label": "fragrance > perfume > all perfumes"
        },
        {
          "name": "amber perfume",
          "label": "fragrance > perfume > amber perfume"
        },
        {
          "name": "save up to 60 percent",
          "label": "fragrance > fragrance offers > save up to 60 percent"
        },
        {
          "name": "all perfumes",
          "label": "gift > gifts for her > all perfumes"
        }
      ]
    ],
    "reviews": {
      "average": 4.59,
      "count": 219,
      "rounded": 4
    },
    "parent": {
      "product": "950334",
      "partNumber": "10090061.P",
      "model": "10090061",
      "manufacturerModel": "2755971"
    },
    "images": {
      "thumbnail": "https://boots.scene7.com/is/image/Boots/10090061?wid=45&hei=60&op_sharpen=1"
    },
    "offers": [
      {
        "text": "Save up to 1/2 price on selected fragrances"
      }
    ],
    "actions": {},
    "iconUri": "https://boots.scene7.com/is/image/Boots/10090061?op_sharpen=1",
    "title": "BOSS Woman Eau de Toilette 75ml",
    "referenceUri": "/boss-orange-woman-eau-de-toilette-75ml-10090061",
    "canAddToBasket": "yes",
    "opticians": false,
    "inStock": true,
    "expressDelivery": false,
    "hasOtherPromotion": true,
    "channelPromotionalTextMap": {
      "-1": [
        "Save up to 1/2 price on selected fragrances"
      ],
      "-6": [
        "Save up to 1/2 price on selected fragrances"
      ]
    },
    "adCardPoints": 147
  },
  {
    "_id": {
      "$oid": "65ec108d9884656b92f55864"
    },
    "ppuQuantity": "50ML",
    "pricing": {
      "perUnit": "£176.80 per 100ML",
      "regular": {
        "value": 104,
        "currency": "GBP",
        "text": "£104.00"
      },
      "current": {
        "value": 88.4,
        "currency": "GBP",
        "text": "£88.40"
      },
      "saving": {
        "value": 15.6,
        "currency": "GBP",
        "text": "£15.60"
      }
    },
    "objectId": "2442921",
    "brand": "Christian Dior",
    "attributes": {
      "fragrance_scent": "floral",
      "size": "41-50",
      "gender": "womens",
      "StockOverrideMessage": "STOCK_COMING_SOON",
      "fragrance_type": "eau de parfum",
      "format": "spray",
      "hasPriceAdvantageDeal": false,
      "Reporting_Category": "fragrance",
      "ProductReviewFlag": "1"
    },
    "variants": {
      "colours": [],
      "hasColours": false,
      "hasSizes": false
    },
    "categories": [
      [
        {
          "name": "fragrance",
          "label": "fragrance"
        },
        {
          "name": "gift",
          "label": "gift"
        }
      ],
      [
        {
          "name": "5* rated perfumes & aftershaves",
          "label": "fragrance > 5* rated perfumes & aftershaves"
        },
        {
          "name": "perfume",
          "label": "fragrance > perfume"
        },
        {
          "name": "gifts for her",
          "label": "gift > gifts for her"
        }
      ],
      [
        {
          "name": "all perfumes",
          "label": "fragrance > perfume > all perfumes"
        },
        {
          "name": "floral perfume",
          "label": "fragrance > perfume > floral perfume"
        },
        {
          "name": "all perfumes",
          "label": "gift > gifts for her > all perfumes"
        }
      ]
    ],
    "reviews": {
      "average": 4.58,
      "count": 1543,
      "rounded": 4
    },
    "parent": {
      "product": "2442920",
      "partNumber": "10286875.P",
      "model": "10286875",
      "manufacturerModel": "1154141"
    },
    "images": {
      "thumbnail": "https://boots.scene7.com/is/image/Boots/10286875?wid=45&hei=60&op_sharpen=1"
    },
    "offers": [
      {
        "text": "Save up to 20 percent on selected fragrances"
      }
    ],
    "actions": {},
    "iconUri": "https://boots.scene7.com/is/image/Boots/10286875?op_sharpen=1",
    "title": "DIOR J’adore eau de parfum Infinissime 50ml",
    "referenceUri": "/dior-jadore-eau-de-parfum-infinissime-50ml-10286875",
    "canAddToBasket": "yes",
    "opticians": false,
    "inStock": true,
    "expressDelivery": false,
    "hasOtherPromotion": true,
    "channelPromotionalTextMap": {
      "-1": [
        "Save up to 20 percent on selected fragrances"
      ],
      "-6": [
        "Save up to 20 percent on selected fragrances"
      ]
    },
    "adCardPoints": 264
  },
  {
    "_id": {
      "$oid": "65ec108d9884656b92f55865"
    },
    "ppuQuantity": "100ML",
    "pricing": {
      "perUnit": "£122.40 per 100ML",
      "regular": {
        "value": 144,
        "currency": "GBP",
        "text": "£144.00"
      },
      "current": {
        "value": 122.4,
        "currency": "GBP",
        "text": "£122.40"
      },
      "saving": {
        "value": 21.6,
        "currency": "GBP",
        "text": "£21.60"
      }
    },
    "objectId": "2442919",
    "brand": "Christian Dior",
    "attributes": {
      "fragrance_scent": "floral",
      "gender": "womens",
      "size": "71-100",
      "StockOverrideMessage": "STOCK_COMING_SOON",
      "format": "spray",
      "fragrance_type": "eau de parfum",
      "hasPriceAdvantageDeal": false,
      "Reporting_Category": "fragrance",
      "ProductReviewFlag": "1"
    },
    "variants": {
      "colours": [],
      "hasColours": false,
      "hasSizes": false
    },
    "categories": [
      [
        {
          "name": "fragrance",
          "label": "fragrance"
        },
        {
          "name": "gift",
          "label": "gift"
        }
      ],
      [
        {
          "name": "5* rated perfumes & aftershaves",
          "label": "fragrance > 5* rated perfumes & aftershaves"
        },
        {
          "name": "perfume",
          "label": "fragrance > perfume"
        },
        {
          "name": "gifts for her",
          "label": "gift > gifts for her"
        }
      ],
      [
        {
          "name": "all perfumes",
          "label": "fragrance > perfume > all perfumes"
        },
        {
          "name": "floral perfume",
          "label": "fragrance > perfume > floral perfume"
        },
        {
          "name": "all perfumes",
          "label": "gift > gifts for her > all perfumes"
        }
      ]
    ],
    "reviews": {
      "average": 4.57,
      "count": 1576,
      "rounded": 4
    },
    "parent": {
      "product": "2442918",
      "partNumber": "10286874.P",
      "model": "10286874",
      "manufacturerModel": "1154133"
    },
    "images": {
      "thumbnail": "https://boots.scene7.com/is/image/Boots/10286874?wid=45&hei=60&op_sharpen=1"
    },
    "offers": [
      {
        "text": "Save up to 20 percent on selected fragrances"
      }
    ],
    "actions": {},
    "iconUri": "https://boots.scene7.com/is/image/Boots/10286874?op_sharpen=1",
    "title": "DIOR J’adore eau de parfum Infinissime 100ml",
    "referenceUri": "/dior-jadore-eau-de-parfum-infinissime-100ml-10286874",
    "canAddToBasket": "yes",
    "opticians": false,
    "inStock": true,
    "expressDelivery": false,
    "hasOtherPromotion": true,
    "channelPromotionalTextMap": {
      "-1": [
        "Save up to 20 percent on selected fragrances"
      ],
      "-6": [
        "Save up to 20 percent on selected fragrances"
      ]
    },
    "adCardPoints": 366
  },
  {
    "_id": {
      "$oid": "65ec108d9884656b92f55866"
    },
    "ppuQuantity": "75ML",
    "pricing": {
      "perUnit": "£43.00 per 100ML",
      "regular": {
        "value": 43,
        "currency": "GBP",
        "text": "£43.00"
      },
      "current": {
        "value": 32.25,
        "currency": "GBP",
        "text": "£32.25"
      },
      "saving": {
        "value": 10.75,
        "currency": "GBP",
        "text": "£10.75"
      }
    },
    "objectId": "1552879",
    "brand": "Elizabeth Arden",
    "attributes": {
      "fragrance_scent": [
        "musk",
        "floral"
      ],
      "StockOverrideMessage": "SOLD_OUT",
      "size": "71-100",
      "parentCategory_UK": "33035",
      "fragrance_type": [
        "eau de parfum",
        "eau de toilette"
      ],
      "format": "spray",
      "hasPriceAdvantageDeal": false,
      "Reporting_Category": "fragrance",
      "body_area": "body",
      "ProductReviewFlag": "1"
    },
    "variants": {
      "colours": [],
      "hasColours": false,
      "hasSizes": false
    },
    "categories": [
      [
        {
          "name": "fragrance",
          "label": "fragrance"
        },
        {
          "name": "beauty & skincare",
          "label": "beauty & skincare"
        },
        {
          "name": "gift",
          "label": "gift"
        }
      ],
      [
        {
          "name": "perfume",
          "label": "fragrance > perfume"
        },
        {
          "name": "premium beauty & skincare",
          "label": "beauty & skincare > premium beauty & skincare"
        },
        {
          "name": "gifts for her",
          "label": "gift > gifts for her"
        }
      ],
      [
        {
          "name": "save up to 25% across selected premium beauty and No7",
          "label": "beauty & skincare > premium beauty & skincare > save up to 25% across selected premium beauty and No7"
        },
        {
          "name": "all perfumes",
          "label": "fragrance > perfume > all perfumes"
        },
        {
          "name": "musky perfume",
          "label": "fragrance > perfume > musky perfume"
        },
        {
          "name": "floral perfume",
          "label": "fragrance > perfume > floral perfume"
        },
        {
          "name": "all perfumes",
          "label": "gift > gifts for her > all perfumes"
        }
      ]
    ],
    "reviews": {
      "average": 4.43,
      "count": 14,
      "rounded": 4
    },
    "parent": {
      "product": "1552878",
      "partNumber": "10210981.P",
      "model": "10210981",
      "manufacturerModel": "1018736"
    },
    "images": {
      "thumbnail": "https://boots.scene7.com/is/image/Boots/10210981?wid=45&hei=60&op_sharpen=1"
    },
    "offers": [
      {
        "text": "Spend £45 on selected Elizabeth Arden and receive Elizabeth Arden Icons Set for £75, worth £281"
      },
      {
        "text": "Save up to 25 percent across selected Premium Beauty"
      }
    ],
    "actions": {},
    "iconUri": "https://boots.scene7.com/is/image/Boots/10210981?op_sharpen=1",
    "title": "Elizabeth Arden 5th Avenue Eau de Parfum 75ml",
    "referenceUri": "/elizabeth-arden-5th-avenue-eau-de-parfum-75ml-10210981",
    "canAddToBasket": "yes",
    "opticians": false,
    "inStock": true,
    "expressDelivery": false,
    "hasOtherPromotion": true,
    "channelPromotionalTextMap": {
      "-1": [
        "Spend £45 on selected Elizabeth Arden and receive Elizabeth Arden Icons Set for £75, worth £281",
        "Save up to 25 percent across selected Premium Beauty"
      ],
      "-6": [
        "Spend £45 on selected Elizabeth Arden and receive Elizabeth Arden Icons Set for £75, worth £281",
        "Save up to 25 percent across selected Premium Beauty"
      ]
    },
    "adCardPoints": 96
  },
  {
    "_id": {
      "$oid": "65ec108d9884656b92f55867"
    },
    "ppuQuantity": "50ML",
    "pricing": {
      "perUnit": "£45.90 per 100ML",
      "regular": {
        "value": 27,
        "currency": "GBP",
        "text": "£27.00"
      },
      "current": {
        "value": 22.95,
        "currency": "GBP",
        "text": "£22.95"
      },
      "saving": {
        "value": 4.05,
        "currency": "GBP",
        "text": "£4.05"
      }
    },
    "objectId": "2630911",
    "brand": "Clarins",
    "attributes": {
      "product_type": "body spray",
      "StockOverrideMessage": "STOCK_COMING_SOON",
      "size": "41-50",
      "format": "spray",
      "hasPriceAdvantageDeal": false,
      "Reporting_Category": "fragrance",
      "skin_type": "all skin types",
      "body_area": "body",
      "ProductReviewFlag": "1"
    },
    "variants": {
      "colours": [],
      "hasColours": false,
      "hasSizes": false
    },
    "categories": [
      [
        {
          "name": "new in",
          "label": "new in"
        },
        {
          "name": "beauty & skincare",
          "label": "beauty & skincare"
        },
        {
          "name": "fragrance",
          "label": "fragrance"
        },
        {
          "name": "toiletries",
          "label": "toiletries"
        },
        {
          "name": "gift",
          "label": "gift"
        }
      ],
      [
        {
          "name": "new in premium beauty & skincare",
          "label": "new in > new in premium beauty & skincare"
        },
        {
          "name": "premium beauty & skincare",
          "label": "beauty & skincare > premium beauty & skincare"
        },
        {
          "name": "skincare",
          "label": "beauty & skincare > skincare"
        },
        {
          "name": "perfume",
          "label": "fragrance > perfume"
        },
        {
          "name": "skincare",
          "label": "toiletries > skincare"
        },
        {
          "name": "gifts for her",
          "label": "gift > gifts for her"
        },
        {
          "name": "new in beauty & skincare",
          "label": "beauty & skincare > new in beauty & skincare"
        },
        {
          "name": "new in beauty & skincare",
          "label": "new in > new in beauty & skincare"
        }
      ],
      [
        {
          "name": "save up to 25% across selected premium beauty and No7",
          "label": "beauty & skincare > premium beauty & skincare > save up to 25% across selected premium beauty and No7"
        },
        {
          "name": "new in premium beauty & skincare",
          "label": "beauty & skincare > premium beauty & skincare > new in premium beauty & skincare"
        },
        {
          "name": "skin type",
          "label": "beauty & skincare > skincare > skin type"
        },
        {
          "name": "skincare ingredients",
          "label": "beauty & skincare > skincare > skincare ingredients"
        },
        {
          "name": "all perfumes",
          "label": "fragrance > perfume > all perfumes"
        },
        {
          "name": "skin type",
          "label": "toiletries > skincare > skin type"
        },
        {
          "name": "skincare ingredients",
          "label": "toiletries > skincare > skincare ingredients"
        },
        {
          "name": "all perfumes",
          "label": "gift > gifts for her > all perfumes"
        }
      ]
    ],
    "reviews": {
      "average": 4.33,
      "count": 150,
      "rounded": 4
    },
    "parent": {
      "product": "2630910",
      "partNumber": "10305532.P",
      "model": "10305532",
      "manufacturerModel": "8922632"
    },
    "images": {
      "thumbnail": "https://boots.scene7.com/is/image/Boots/10305532?wid=45&hei=60&op_sharpen=1"
    },
    "offers": [
      {
        "text": "£10 worth of Advantage Card points when you buy 2 selected Clarins products, one to be skincare or foundation"
      },
      {
        "text": "Save up to 25 percent across selected Premium Beauty"
      }
    ],
    "actions": {},
    "iconUri": "https://boots.scene7.com/is/image/Boots/10305532?op_sharpen=1",
    "title": "Clarins Eau Extraordinaire Treatment Fragrance 50ml",
    "referenceUri": "/clarins-eau-extraordinaire-treatment-fragrance-50ml-10305532",
    "canAddToBasket": "yes",
    "opticians": false,
    "inStock": true,
    "expressDelivery": false,
    "hasOtherPromotion": true,
    "channelPromotionalTextMap": {
      "-1": [
        "£10 worth of Advantage Card points when you buy 2 selected Clarins products, one to be skincare or foundation",
        "Save up to 25 percent across selected Premium Beauty"
      ],
      "-6": [
        "£10 worth of Advantage Card points when you buy 2 selected Clarins products, one to be skincare or foundation",
        "Save up to 25 percent across selected Premium Beauty"
      ]
    },
    "adCardPoints": 66
  },
  {
    "_id": {
      "$oid": "65ec108d9884656b92f55868"
    },
    "ppuQuantity": "10ML",
    "pricing": {
      "perUnit": "£25.00 per 100ML",
      "regular": {
        "value": 2.5,
        "currency": "GBP",
        "text": "£2.50"
      },
      "current": {
        "value": 2.5,
        "currency": "GBP",
        "text": "£2.50"
      }
    },
    "objectId": "2432985",
    "brand": "Momento",
    "attributes": {
      "fragrance_scent": [
        "amber",
        "musk",
        "floral"
      ],
      "suitable_for": "vegan",
      "size": "10",
      "gender": "womens",
      "StockOverrideMessage": "STOCK_COMING_SOON",
      "format": "spray",
      "fragrance_type": "eau de toilette",
      "hasPriceAdvantageDeal": false,
      "Reporting_Category": "fragrance",
      "ProductReviewFlag": "1"
    },
    "variants": {
      "colours": [],
      "hasColours": false,
      "hasSizes": false
    },
    "categories": [
      [
        {
          "name": "vegan",
          "label": "vegan"
        },
        {
          "name": "fragrance",
          "label": "fragrance"
        },
        {
          "name": "gift",
          "label": "gift"
        },
        {
          "name": "wellness",
          "label": "wellness"
        },
        {
          "name": "beauty & skincare",
          "label": "beauty & skincare"
        }
      ],
      [
        {
          "name": "vegan fragrance",
          "label": "vegan > vegan fragrance"
        },
        {
          "name": "perfume",
          "label": "fragrance > perfume"
        },
        {
          "name": "gifts for her",
          "label": "gift > gifts for her"
        },
        {
          "name": "vegan",
          "label": "wellness > vegan"
        },
        {
          "name": "vegan beauty",
          "label": "beauty & skincare > vegan beauty"
        },
        {
          "name": "fragrance exclusives",
          "label": "fragrance > fragrance exclusives"
        },
        {
          "name": "vegan fragrance",
          "label": "fragrance > vegan fragrance"
        },
        {
          "name": "vegan beauty",
          "label": "vegan > vegan beauty"
        }
      ],
      [
        {
          "name": "all perfumes",
          "label": "fragrance > perfume > all perfumes"
        },
        {
          "name": "musky perfume",
          "label": "fragrance > perfume > musky perfume"
        },
        {
          "name": "floral perfume",
          "label": "fragrance > perfume > floral perfume"
        },
        {
          "name": "amber perfume",
          "label": "fragrance > perfume > amber perfume"
        },
        {
          "name": "all perfumes",
          "label": "gift > gifts for her > all perfumes"
        },
        {
          "name": "vegan beauty",
          "label": "wellness > vegan > vegan beauty"
        },
        {
          "name": "vegan fragrance",
          "label": "wellness > vegan > vegan fragrance"
        }
      ]
    ],
    "reviews": {
      "average": 4.33,
      "count": 54,
      "rounded": 4
    },
    "parent": {
      "product": "2432984",
      "partNumber": "10285872.P",
      "model": "10285872",
      "manufacturerModel": "8967660"
    },
    "images": {
      "thumbnail": "https://boots.scene7.com/is/image/Boots/10285872?wid=45&hei=60&op_sharpen=1"
    },
    "offers": [],
    "actions": {},
    "iconUri": "https://boots.scene7.com/is/image/Boots/10285872?op_sharpen=1",
    "title": "Momento Soaring Escape eau de toilette 10ml",
    "referenceUri": "/momento-soaring-eau-de-toilette-10ml-10285872",
    "canAddToBasket": "yes",
    "opticians": false,
    "inStock": true,
    "expressDelivery": false,
    "hasOtherPromotion": false,
    "channelPromotionalTextMap": {
      "-1": [],
      "-6": []
    },
    "adCardPoints": 6
  },
  {
    "_id": {
      "$oid": "65ec108d9884656b92f55869"
    },
    "ppuQuantity": "50ML",
    "pricing": {
      "perUnit": "£126.64 per 100ML",
      "regular": {
        "value": 74.5,
        "currency": "GBP",
        "text": "£74.50"
      },
      "current": {
        "value": 63.32,
        "currency": "GBP",
        "text": "£63.32"
      },
      "saving": {
        "value": 11.18,
        "currency": "GBP",
        "text": "£11.18"
      }
    },
    "objectId": "2687137",
    "brand": "Givenchy",
    "attributes": {
      "gender": "mens",
      "size": "41-50",
      "StockOverrideMessage": "STOCK_COMING_SOON",
      "fragrance_type": "eau de toilette",
      "hasPriceAdvantageDeal": false,
      "ProductReviewFlag": "1"
    },
    "variants": {
      "colours": [],
      "hasColours": false,
      "hasSizes": false
    },
    "categories": [
      [
        {
          "name": "fragrance",
          "label": "fragrance"
        },
        {
          "name": "gift",
          "label": "gift"
        }
      ],
      [
        {
          "name": "perfume",
          "label": "fragrance > perfume"
        },
        {
          "name": "recommended",
          "label": "fragrance > recommended"
        },
        {
          "name": "gifts for her",
          "label": "gift > gifts for her"
        }
      ],
      [
        {
          "name": "all perfumes",
          "label": "fragrance > perfume > all perfumes"
        },
        {
          "name": "best summer fragrances",
          "label": "fragrance > recommended > best summer fragrances"
        },
        {
          "name": "best floral perfumes",
          "label": "fragrance > recommended > best floral perfumes"
        },
        {
          "name": "all perfumes",
          "label": "gift > gifts for her > all perfumes"
        }
      ]
    ],
    "reviews": {
      "average": 4.18,
      "count": 382,
      "rounded": 4
    },
    "parent": {
      "product": "2687136",
      "partNumber": "10313404.P",
      "model": "10313404",
      "manufacturerModel": "3065731"
    },
    "images": {
      "thumbnail": "https://boots.scene7.com/is/image/Boots/10313404?wid=45&hei=60&op_sharpen=1"
    },
    "offers": [
      {
        "text": "Free gift when you buy selected Givenchy - whilst stocks last"
      },
      {
        "text": "Save up to 20 percent on selected fragrances"
      }
    ],
    "actions": {},
    "iconUri": "https://boots.scene7.com/is/image/Boots/10313404?op_sharpen=1",
    "title": "Givenchy L’Interdit Eau de Toilette 50ml",
    "referenceUri": "/givenchy-l%E2%80%99interdit-eau-de-toilette-10313404",
    "canAddToBasket": "yes",
    "opticians": false,
    "inStock": true,
    "expressDelivery": false,
    "hasOtherPromotion": true,
    "channelPromotionalTextMap": {
      "-1": [
        "Free gift when you buy selected Givenchy - whilst stocks last",
        "Save up to 20 percent on selected fragrances"
      ],
      "-6": [
        "Free gift when you buy selected Givenchy - whilst stocks last",
        "Save up to 20 percent on selected fragrances"
      ]
    },
    "adCardPoints": 189
  },
  {
    "_id": {
      "$oid": "65ec108d9884656b92f5586a"
    },
    "ppuQuantity": "50ML",
    "pricing": {
      "perUnit": "£98.40 per 100ML",
      "regular": {
        "value": 61.5,
        "currency": "GBP",
        "text": "£61.50"
      },
      "current": {
        "value": 49.2,
        "currency": "GBP",
        "text": "£49.20"
      },
      "saving": {
        "value": 12.3,
        "currency": "GBP",
        "text": "£12.30"
      }
    },
    "objectId": "2515048",
    "brand": "Moschino",
    "attributes": {
      "fragrance_scent": [
        "floral",
        "amber",
        "fruity"
      ],
      "gender": "womens",
      "StockOverrideMessage": "STOCK_COMING_SOON",
      "size": "41-50",
      "fragrance_type": "eau de toilette",
      "recipient": "gifts for women",
      "hasPriceAdvantageDeal": false,
      "Reporting_Category": "fragrance",
      "gift_type": "fragrance gifts",
      "ProductReviewFlag": "1"
    },
    "variants": {
      "colours": [],
      "hasColours": false,
      "hasSizes": false
    },
    "categories": [
      [
        {
          "name": "vegan",
          "label": "vegan"
        },
        {
          "name": "fragrance",
          "label": "fragrance"
        },
        {
          "name": "gift",
          "label": "gift"
        },
        {
          "name": "wellness",
          "label": "wellness"
        }
      ],
      [
        {
          "name": "vegan fragrance",
          "label": "vegan > vegan fragrance"
        },
        {
          "name": "perfume",
          "label": "fragrance > perfume"
        },
        {
          "name": "gifts for her",
          "label": "gift > gifts for her"
        },
        {
          "name": "vegan",
          "label": "wellness > vegan"
        },
        {
          "name": "5* rated perfumes & aftershaves",
          "label": "fragrance > 5* rated perfumes & aftershaves"
        },
        {
          "name": "vegan fragrance",
          "label": "fragrance > vegan fragrance"
        }
      ],
      [
        {
          "name": "all perfumes",
          "label": "fragrance > perfume > all perfumes"
        },
        {
          "name": "floral perfume",
          "label": "fragrance > perfume > floral perfume"
        },
        {
          "name": "amber perfume",
          "label": "fragrance > perfume > amber perfume"
        },
        {
          "name": "all perfumes",
          "label": "gift > gifts for her > all perfumes"
        },
        {
          "name": "vegan fragrance",
          "label": "wellness > vegan > vegan fragrance"
        }
      ]
    ],
    "reviews": {
      "average": 4.17,
      "count": 12,
      "rounded": 4
    },
    "parent": {
      "product": "2515047",
      "partNumber": "10293162.P",
      "model": "10293162",
      "manufacturerModel": "3106195"
    },
    "images": {
      "thumbnail": "https://boots.scene7.com/is/image/Boots/10293162?wid=45&hei=60&op_sharpen=1"
    },
    "offers": [
      {
        "text": "Save up to 20 percent on selected fragrances"
      }
    ],
    "actions": {},
    "iconUri": "https://boots.scene7.com/is/image/Boots/10293162?op_sharpen=1",
    "title": "Moschino Toy2 Bubblegum Eau De Toilette 50ml",
    "referenceUri": "/moschino-toy-2-bubblegum-eau-de-toilette-50ml-10293162",
    "canAddToBasket": "yes",
    "opticians": false,
    "inStock": true,
    "expressDelivery": false,
    "hasOtherPromotion": true,
    "channelPromotionalTextMap": {
      "-1": [
        "Save up to 20 percent on selected fragrances"
      ],
      "-6": [
        "Save up to 20 percent on selected fragrances"
      ]
    },
    "adCardPoints": 147
  },
  {
    "_id": {
      "$oid": "65ec108d9884656b92f5586b"
    },
    "ppuQuantity": "100ML",
    "pricing": {
      "perUnit": "£57.00 per 100ML",
      "regular": {
        "value": 85,
        "currency": "GBP",
        "text": "£85.00"
      },
      "current": {
        "value": 57,
        "currency": "GBP",
        "text": "£57.00"
      },
      "saving": {
        "value": 28,
        "currency": "GBP",
        "text": "£28.00"
      }
    },
    "objectId": "1757687",
    "brand": "Givenchy",
    "attributes": {
      "fragrance_scent": [
        "vanilla",
        "aromatic",
        "sweet"
      ],
      "gender": "mens",
      "size": "71-100",
      "StockOverrideMessage": "STOCK_COMING_SOON",
      "parentCategory_UK": "33092",
      "fragrance_type": [
        "eau de toilette",
        "aftershave"
      ],
      "hasPriceAdvantageDeal": false,
      "Reporting_Category": "fragrance",
      "ProductReviewFlag": "1"
    },
    "variants": {
      "colours": [],
      "hasColours": false,
      "hasSizes": false
    },
    "categories": [
      [
        {
          "name": "fragrance",
          "label": "fragrance"
        },
        {
          "name": "gift",
          "label": "gift"
        }
      ],
      [
        {
          "name": "perfume",
          "label": "fragrance > perfume"
        },
        {
          "name": "fragrance offers",
          "label": "fragrance > fragrance offers"
        },
        {
          "name": "gifts for her",
          "label": "gift > gifts for her"
        }
      ],
      [
        {
          "name": "all perfumes",
          "label": "fragrance > perfume > all perfumes"
        },
        {
          "name": "vanilla perfume",
          "label": "fragrance > perfume > vanilla perfume"
        },
        {
          "name": "everyday low prices",
          "label": "fragrance > fragrance offers > everyday low prices"
        },
        {
          "name": "all perfumes",
          "label": "gift > gifts for her > all perfumes"
        }
      ]
    ],
    "reviews": {
      "average": 4.08,
      "count": 36,
      "rounded": 4
    },
    "parent": {
      "product": "1757686",
      "partNumber": "10205926.P",
      "model": "10205926",
      "manufacturerModel": "6438458"
    },
    "images": {
      "thumbnail": "https://boots.scene7.com/is/image/Boots/10205926?wid=45&hei=60&op_sharpen=1"
    },
    "offers": [
      {
        "text": "Save up to 1/2 price on selected fragrances"
      }
    ],
    "actions": {},
    "iconUri": "https://boots.scene7.com/is/image/Boots/10205926?op_sharpen=1",
    "title": "Givenchy Pi Eau de Toilette 100ml",
    "referenceUri": "/givenchy-pi-eau-de-toilette-100ml-10205926",
    "canAddToBasket": "yes",
    "opticians": false,
    "inStock": true,
    "expressDelivery": false,
    "hasOtherPromotion": true,
    "channelPromotionalTextMap": {
      "-1": [
        "Save up to 1/2 price on selected fragrances"
      ],
      "-6": [
        "Save up to 1/2 price on selected fragrances"
      ]
    },
    "adCardPoints": 171
  },
  {
    "_id": {
      "$oid": "65ec108d9884656b92f5586c"
    },
    "ppuQuantity": "15ML",
    "pricing": {
      "perUnit": "£170.00 per 100ML",
      "regular": {
        "value": 30,
        "currency": "GBP",
        "text": "£30.00"
      },
      "current": {
        "value": 25.5,
        "currency": "GBP",
        "text": "£25.50"
      },
      "saving": {
        "value": 4.5,
        "currency": "GBP",
        "text": "£4.50"
      }
    },
    "objectId": "2510151",
    "brand": "Clinique",
    "attributes": {
      "format": "spray",
      "hasPriceAdvantageDeal": false,
      "StockOverrideMessage": "STOCK_COMING_SOON",
      "key_features": "refreshing",
      "ProductReviewFlag": "1"
    },
    "variants": {
      "colours": [],
      "hasColours": false,
      "hasSizes": false
    },
    "categories": [
      [
        {
          "name": "fragrance",
          "label": "fragrance"
        },
        {
          "name": "beauty & skincare",
          "label": "beauty & skincare"
        },
        {
          "name": "toiletries",
          "label": "toiletries"
        },
        {
          "name": "gift",
          "label": "gift"
        }
      ],
      [
        {
          "name": "perfume",
          "label": "fragrance > perfume"
        },
        {
          "name": "premium beauty & skincare",
          "label": "beauty & skincare > premium beauty & skincare"
        },
        {
          "name": "skincare",
          "label": "beauty & skincare > skincare"
        },
        {
          "name": "skincare",
          "label": "toiletries > skincare"
        },
        {
          "name": "gifts for her",
          "label": "gift > gifts for her"
        }
      ],
      [
        {
          "name": "save up to 25% across selected premium beauty and No7",
          "label": "beauty & skincare > premium beauty & skincare > save up to 25% across selected premium beauty and No7"
        },
        {
          "name": "skin type",
          "label": "beauty & skincare > skincare > skin type"
        },
        {
          "name": "skincare ingredients",
          "label": "beauty & skincare > skincare > skincare ingredients"
        },
        {
          "name": "all perfumes",
          "label": "fragrance > perfume > all perfumes"
        },
        {
          "name": "skin type",
          "label": "toiletries > skincare > skin type"
        },
        {
          "name": "skincare ingredients",
          "label": "toiletries > skincare > skincare ingredients"
        },
        {
          "name": "all perfumes",
          "label": "gift > gifts for her > all perfumes"
        }
      ]
    ],
    "reviews": {
      "average": 4,
      "count": 5,
      "rounded": 4
    },
    "parent": {
      "product": "2510150",
      "partNumber": "10292724.P",
      "model": "10292724",
      "manufacturerModel": "2988887"
    },
    "images": {
      "thumbnail": "https://boots.scene7.com/is/image/Boots/10292724?wid=45&hei=60&op_sharpen=1"
    },
    "offers": [
      {
        "text": "Free gift when you spend £65 or more on selected Clinique - online only while stocks last"
      },
      {
        "text": "Save up to 25 percent across selected Premium Beauty"
      }
    ],
    "actions": {},
    "iconUri": "https://boots.scene7.com/is/image/Boots/10292724?op_sharpen=1",
    "title": "Clinique My Happy™ Indigo Mist",
    "referenceUri": "/clinique-my-happy-indigo-mist-10292724",
    "canAddToBasket": "yes",
    "opticians": false,
    "inStock": true,
    "expressDelivery": false,
    "hasOtherPromotion": true,
    "channelPromotionalTextMap": {
      "-1": [
        "Free gift when you spend £65 or more on selected Clinique - online only while stocks last",
        "Save up to 25 percent across selected Premium Beauty"
      ],
      "-6": [
        "Free gift when you spend £65 or more on selected Clinique - online only while stocks last",
        "Save up to 25 percent across selected Premium Beauty"
      ]
    },
    "adCardPoints": 75
  },
  {
    "_id": {
      "$oid": "65ec108d9884656b92f5586d"
    },
    "ppuQuantity": "10ML",
    "pricing": {
      "perUnit": "£25.00 per 100ML",
      "regular": {
        "value": 2.5,
        "currency": "GBP",
        "text": "£2.50"
      },
      "current": {
        "value": 2.5,
        "currency": "GBP",
        "text": "£2.50"
      }
    },
    "objectId": "2432979",
    "brand": "Momento",
    "attributes": {
      "fragrance_scent": [
        "floral",
        "musk",
        "citrus"
      ],
      "suitable_for": "vegan",
      "size": "10",
      "StockOverrideMessage": "STOCK_COMING_SOON",
      "gender": "womens",
      "format": "spray",
      "fragrance_type": "eau de toilette",
      "hasPriceAdvantageDeal": false,
      "Reporting_Category": "fragrance",
      "ProductReviewFlag": "1"
    },
    "variants": {
      "colours": [],
      "hasColours": false,
      "hasSizes": false
    },
    "categories": [
      [
        {
          "name": "vegan",
          "label": "vegan"
        },
        {
          "name": "fragrance",
          "label": "fragrance"
        },
        {
          "name": "gift",
          "label": "gift"
        },
        {
          "name": "wellness",
          "label": "wellness"
        }
      ],
      [
        {
          "name": "vegan fragrance",
          "label": "vegan > vegan fragrance"
        },
        {
          "name": "perfume",
          "label": "fragrance > perfume"
        },
        {
          "name": "gifts for her",
          "label": "gift > gifts for her"
        },
        {
          "name": "vegan",
          "label": "wellness > vegan"
        },
        {
          "name": "fragrance exclusives",
          "label": "fragrance > fragrance exclusives"
        },
        {
          "name": "vegan fragrance",
          "label": "fragrance > vegan fragrance"
        }
      ],
      [
        {
          "name": "all perfumes",
          "label": "fragrance > perfume > all perfumes"
        },
        {
          "name": "musky perfume",
          "label": "fragrance > perfume > musky perfume"
        },
        {
          "name": "floral perfume",
          "label": "fragrance > perfume > floral perfume"
        },
        {
          "name": "all perfumes",
          "label": "gift > gifts for her > all perfumes"
        },
        {
          "name": "vegan fragrance",
          "label": "wellness > vegan > vegan fragrance"
        }
      ]
    ],
    "reviews": {
      "average": 3.76,
      "count": 49,
      "rounded": 3
    },
    "parent": {
      "product": "2432978",
      "partNumber": "10285869.P",
      "model": "10285869",
      "manufacturerModel": "8967636"
    },
    "images": {
      "thumbnail": "https://boots.scene7.com/is/image/Boots/10285869?wid=45&hei=60&op_sharpen=1"
    },
    "offers": [],
    "actions": {},
    "iconUri": "https://boots.scene7.com/is/image/Boots/10285869?op_sharpen=1",
    "title": "Momento Duvet Days eau de toilette 10ml",
    "referenceUri": "/momento-duvet-eau-de-toilette-10ml-10285869",
    "canAddToBasket": "yes",
    "opticians": false,
    "inStock": true,
    "expressDelivery": false,
    "hasOtherPromotion": false,
    "channelPromotionalTextMap": {
      "-1": [],
      "-6": []
    },
    "adCardPoints": 6
  },
  {
    "_id": {
      "$oid": "65ec108d9884656b92f5586e"
    },
    "ppuQuantity": "50ML",
    "pricing": {
      "perUnit": "£112.00 per 100ML",
      "regular": {
        "value": 70,
        "currency": "GBP",
        "text": "£70.00"
      },
      "current": {
        "value": 56,
        "currency": "GBP",
        "text": "£56.00"
      },
      "saving": {
        "value": 14,
        "currency": "GBP",
        "text": "£14.00"
      }
    },
    "objectId": "2958739",
    "brand": "Estee Lauder",
    "attributes": {
      "fragrance_scent": "floral",
      "product_type": "perfume",
      "StockOverrideMessage": "STOCK_COMING_SOON",
      "fragrance_type": "eau de parfum",
      "hasPriceAdvantageDeal": false,
      "ProductReviewFlag": "1"
    },
    "variants": {
      "colours": [],
      "hasColours": false,
      "hasSizes": false
    },
    "categories": [
      [
        {
          "name": "fragrance",
          "label": "fragrance"
        },
        {
          "name": "gift",
          "label": "gift"
        }
      ],
      [
        {
          "name": "perfume",
          "label": "fragrance > perfume"
        },
        {
          "name": "gifts for her",
          "label": "gift > gifts for her"
        }
      ],
      [
        {
          "name": "all perfumes",
          "label": "fragrance > perfume > all perfumes"
        },
        {
          "name": "floral perfume",
          "label": "fragrance > perfume > floral perfume"
        },
        {
          "name": "all perfumes",
          "label": "gift > gifts for her > all perfumes"
        }
      ]
    ],
    "reviews": {
      "average": null,
      "count": null,
      "rounded": null
    },
    "parent": {
      "product": "2958738",
      "partNumber": "10342548.P",
      "model": "10342548",
      "manufacturerModel": "2845237"
    },
    "images": {
      "thumbnail": "https://boots.scene7.com/is/image/Boots/10342548?wid=45&hei=60&op_sharpen=1"
    },
    "offers": [
      {
        "text": "Save up to 25 percent across selected Premium Beauty"
      }
    ],
    "actions": {},
    "iconUri": "https://boots.scene7.com/is/image/Boots/10342548?op_sharpen=1",
    "title": "Estée Lauder Bronze Goddess Flora Verde Eau de Parfum 50ml",
    "referenceUri": "/estee-lauder-bronze-goddess-flora-verde-eau-de-parfum-50ml-10342548",
    "canAddToBasket": "yes",
    "opticians": false,
    "inStock": true,
    "expressDelivery": false,
    "hasOtherPromotion": true,
    "channelPromotionalTextMap": {
      "-1": [
        "Save up to 25 percent across selected Premium Beauty"
      ],
      "-6": [
        "Save up to 25 percent across selected Premium Beauty"
      ]
    },
    "adCardPoints": 168
  },
  {
    "_id": {
      "$oid": "65ec108d9884656b92f5586f"
    },
    "ppuQuantity": "100ML",
    "pricing": {
      "perUnit": "£75.65 per 100ML",
      "regular": {
        "value": 89,
        "currency": "GBP",
        "text": "£89.00"
      },
      "current": {
        "value": 75.65,
        "currency": "GBP",
        "text": "£75.65"
      },
      "saving": {
        "value": 13.35,
        "currency": "GBP",
        "text": "£13.35"
      }
    },
    "objectId": "2932091",
    "brand": "Estee Lauder",
    "attributes": {
      "fragrance_scent": "vanilla",
      "product_type": "perfume",
      "StockOverrideMessage": "STOCK_COMING_SOON",
      "size": "101-150",
      "fragrance_type": "eau de parfum",
      "hasPriceAdvantageDeal": false,
      "ProductReviewFlag": "1"
    },
    "variants": {
      "colours": [],
      "hasColours": false,
      "hasSizes": false
    },
    "categories": [
      [
        {
          "name": "new in",
          "label": "new in"
        },
        {
          "name": "fragrance",
          "label": "fragrance"
        },
        {
          "name": "gift",
          "label": "gift"
        }
      ],
      [
        {
          "name": "new in fragrance",
          "label": "new in > new in fragrance"
        },
        {
          "name": "perfume",
          "label": "fragrance > perfume"
        },
        {
          "name": "gifts for her",
          "label": "gift > gifts for her"
        },
        {
          "name": "new in fragrance",
          "label": "fragrance > new in fragrance"
        },
        {
          "name": "brands",
          "label": "fragrance > brands"
        }
      ],
      [
        {
          "name": "all perfumes",
          "label": "fragrance > perfume > all perfumes"
        },
        {
          "name": "vanilla perfume",
          "label": "fragrance > perfume > vanilla perfume"
        },
        {
          "name": "all perfumes",
          "label": "gift > gifts for her > all perfumes"
        }
      ]
    ],
    "reviews": {
      "average": null,
      "count": null,
      "rounded": null
    },
    "parent": {
      "product": "2932090",
      "partNumber": "10340020.P",
      "model": "10340020",
      "manufacturerModel": "2268965"
    },
    "images": {
      "thumbnail": "https://boots.scene7.com/is/image/Boots/10340020?wid=45&hei=60&op_sharpen=1"
    },
    "offers": [
      {
        "text": "Save up to 20 percent on selected fragrances"
      }
    ],
    "actions": {},
    "iconUri": "https://boots.scene7.com/is/image/Boots/10340020?op_sharpen=1",
    "title": "Estée Lauder Bronze Goddess Nuit Eau de Parfum 100ml",
    "referenceUri": "/est%C3%A9e-lauder-bronze-goddess-nuit-eau-de-parfum-100ml-10340020p",
    "canAddToBasket": "yes",
    "opticians": false,
    "inStock": true,
    "expressDelivery": false,
    "hasOtherPromotion": true,
    "channelPromotionalTextMap": {
      "-1": [
        "Save up to 20 percent on selected fragrances"
      ],
      "-6": [
        "Save up to 20 percent on selected fragrances"
      ]
    },
    "adCardPoints": 225
  },
  {
    "_id": {
      "$oid": "65ec108d9884656b92f55870"
    },
    "ppuQuantity": null,
    "pricing": {
      "perUnit": "",
      "regular": {
        "value": 23,
        "currency": "GBP",
        "text": "£23.00"
      },
      "current": {
        "value": 23,
        "currency": "GBP",
        "text": "£23.00"
      }
    },
    "objectId": "2928693",
    "brand": "Elizabeth Arden",
    "attributes": {
      "fragrance_scent": [
        "woody",
        "floral",
        "musk"
      ],
      "product_type": [
        "gift set",
        "perfume"
      ],
      "StockOverrideMessage": "STOCK_COMING_SOON",
      "fragrance_type": [
        "eau de toilette",
        "eau de parfum"
      ],
      "hasPriceAdvantageDeal": false,
      "ProductReviewFlag": "1"
    },
    "variants": {
      "colours": [],
      "hasColours": false,
      "hasSizes": false
    },
    "categories": [
      [
        {
          "name": "new in",
          "label": "new in"
        },
        {
          "name": "beauty & skincare",
          "label": "beauty & skincare"
        },
        {
          "name": "fragrance",
          "label": "fragrance"
        },
        {
          "name": "gift",
          "label": "gift"
        },
        {
          "name": "mother's day",
          "label": "mother's day"
        }
      ],
      [
        {
          "name": "new in premium beauty & skincare",
          "label": "new in > new in premium beauty & skincare"
        },
        {
          "name": "premium beauty & skincare",
          "label": "beauty & skincare > premium beauty & skincare"
        },
        {
          "name": "perfume",
          "label": "fragrance > perfume"
        },
        {
          "name": "gifts for her",
          "label": "gift > gifts for her"
        },
        {
          "name": "shop all",
          "label": "mother's day > shop all"
        }
      ],
      [
        {
          "name": "new in premium beauty & skincare",
          "label": "beauty & skincare > premium beauty & skincare > new in premium beauty & skincare"
        },
        {
          "name": "all perfumes",
          "label": "fragrance > perfume > all perfumes"
        },
        {
          "name": "all perfumes",
          "label": "gift > gifts for her > all perfumes"
        }
      ]
    ],
    "reviews": {
      "average": null,
      "count": null,
      "rounded": null
    },
    "parent": {
      "product": "2928692",
      "partNumber": "10339689.P",
      "model": "10339689",
      "manufacturerModel": "2199823"
    },
    "images": {
      "thumbnail": "https://boots.scene7.com/is/image/Boots/10339689?wid=45&hei=60&op_sharpen=1"
    },
    "offers": [],
    "actions": {},
    "iconUri": "https://boots.scene7.com/is/image/Boots/10339689?op_sharpen=1",
    "title": "Elizabeth Arden White Tea Fragrance Collection Mini Coffret, 3-Piece Set",
    "referenceUri": "/elizabeth-arden-white-tea-fragrance-collection-mini-coffret-3-piece-set-10339689",
    "canAddToBasket": "yes",
    "opticians": false,
    "inStock": true,
    "expressDelivery": false,
    "hasOtherPromotion": false,
    "channelPromotionalTextMap": {
      "-1": [],
      "-6": []
    },
    "adCardPoints": 69
  },
  {
    "_id": {
      "$oid": "65ec108d9884656b92f55871"
    },
    "ppuQuantity": "30ML",
    "pricing": {
      "perUnit": "£150.00 per 100ML",
      "regular": {
        "value": 45,
        "currency": "GBP",
        "text": "£45.00"
      },
      "current": {
        "value": 45,
        "currency": "GBP",
        "text": "£45.00"
      }
    },
    "objectId": "2647707",
    "brand": "Elie Saab",
    "attributes": {
      "fragrance_scent": "floral",
      "product_type": "perfume",
      "StockOverrideMessage": "STOCK_COMING_SOON",
      "gender": "womens",
      "size": "21-30",
      "fragrance_type": "eau de parfum",
      "format": "spray",
      "hasPriceAdvantageDeal": false,
      "ProductReviewFlag": "1"
    },
    "variants": {
      "colours": [],
      "hasColours": false,
      "hasSizes": false
    },
    "categories": [
      [
        {
          "name": "fragrance",
          "label": "fragrance"
        },
        {
          "name": "gift",
          "label": "gift"
        }
      ],
      [
        {
          "name": "perfume",
          "label": "fragrance > perfume"
        },
        {
          "name": "gifts for her",
          "label": "gift > gifts for her"
        },
        {
          "name": "brands",
          "label": "fragrance > brands"
        }
      ],
      [
        {
          "name": "all perfumes",
          "label": "fragrance > perfume > all perfumes"
        },
        {
          "name": "all perfumes",
          "label": "gift > gifts for her > all perfumes"
        }
      ]
    ],
    "reviews": {
      "average": null,
      "count": null,
      "rounded": null
    },
    "parent": {
      "product": "2647706",
      "partNumber": "10307824.P",
      "model": "10307824",
      "manufacturerModel": "1734865"
    },
    "images": {
      "thumbnail": "https://boots.scene7.com/is/image/Boots/10307824?wid=45&hei=60&op_sharpen=1"
    },
    "offers": [],
    "actions": {},
    "iconUri": "https://boots.scene7.com/is/image/Boots/10307824?op_sharpen=1",
    "title": "Elie Saab Le Parfum Eau de Parfum 30ml",
    "referenceUri": "/elie-saab-le-parfum-eau-de-parfum-30ml-10307824",
    "canAddToBasket": "yes",
    "opticians": false,
    "inStock": true,
    "expressDelivery": false,
    "hasOtherPromotion": false,
    "channelPromotionalTextMap": {
      "-1": [],
      "-6": []
    },
    "adCardPoints": 135
  },
  {
    "_id": {
      "$oid": "65ec108d9884656b92f55872"
    },
    "ppuQuantity": "50ML",
    "pricing": {
      "perUnit": "£134.00 per 100ML",
      "regular": {
        "value": 67,
        "currency": "GBP",
        "text": "£67.00"
      },
      "current": {
        "value": 67,
        "currency": "GBP",
        "text": "£67.00"
      }
    },
    "objectId": "2935609",
    "brand": "Azzaro",
    "attributes": {
      "fragrance_scent": "spicy",
      "product_type": "body spray",
      "gender": "mens",
      "StockOverrideMessage": "STOCK_COMING_SOON",
      "size": "41-50",
      "fragrance_type": "parfum",
      "format": "spray",
      "hasPriceAdvantageDeal": false,
      "ProductReviewFlag": "1"
    },
    "variants": {
      "colours": [],
      "hasColours": false,
      "hasSizes": false
    },
    "categories": [
      [
        {
          "name": "new in",
          "label": "new in"
        },
        {
          "name": "toiletries",
          "label": "toiletries"
        },
        {
          "name": "men's",
          "label": "men's"
        },
        {
          "name": "fragrance",
          "label": "fragrance"
        },
        {
          "name": "gift",
          "label": "gift"
        }
      ],
      [
        {
          "name": "new in fragrance",
          "label": "new in > new in fragrance"
        },
        {
          "name": "men's toiletries",
          "label": "toiletries > men's toiletries"
        },
        {
          "name": "men's toiletries",
          "label": "men's > men's toiletries"
        },
        {
          "name": "perfume",
          "label": "fragrance > perfume"
        },
        {
          "name": "aftershave",
          "label": "fragrance > aftershave"
        },
        {
          "name": "gifts for him",
          "label": "gift > gifts for him"
        },
        {
          "name": "gifts for her",
          "label": "gift > gifts for her"
        },
        {
          "name": "aftershave",
          "label": "men's > aftershave"
        },
        {
          "name": "new in fragrance",
          "label": "fragrance > new in fragrance"
        },
        {
          "name": "brands",
          "label": "fragrance > brands"
        }
      ],
      [
        {
          "name": "aftershave",
          "label": "toiletries > men's toiletries > aftershave"
        },
        {
          "name": "aftershave",
          "label": "men's > men's toiletries > aftershave"
        },
        {
          "name": "all perfumes",
          "label": "fragrance > perfume > all perfumes"
        },
        {
          "name": "all aftershave",
          "label": "fragrance > aftershave > all aftershave"
        },
        {
          "name": "all aftershave",
          "label": "gift > gifts for him > all aftershave"
        },
        {
          "name": "all perfumes",
          "label": "gift > gifts for her > all perfumes"
        },
        {
          "name": "all aftershave",
          "label": "men's > aftershave > all aftershave"
        }
      ],
      [
        {
          "name": "all aftershave",
          "label": "toiletries > men's toiletries > aftershave > all aftershave"
        },
        {
          "name": "all aftershave",
          "label": "men's > men's toiletries > aftershave > all aftershave"
        }
      ]
    ],
    "reviews": {
      "average": 5,
      "count": 1,
      "rounded": 5
    },
    "parent": {
      "product": "2935608",
      "partNumber": "10340397.P",
      "model": "10340397",
      "manufacturerModel": "2331918"
    },
    "images": {
      "thumbnail": "https://boots.scene7.com/is/image/Boots/10340397?wid=45&hei=60&op_sharpen=1"
    },
    "offers": [],
    "actions": {},
    "iconUri": "https://boots.scene7.com/is/image/Boots/10340397?op_sharpen=1",
    "title": "Azzaro The Most Wanted Parfum 50ml",
    "referenceUri": "/azzaro-the-most-wanted-parfum-50ml-10340397",
    "canAddToBasket": "yes",
    "opticians": false,
    "inStock": true,
    "expressDelivery": false,
    "hasOtherPromotion": false,
    "channelPromotionalTextMap": {
      "-1": [],
      "-6": []
    },
    "adCardPoints": 201
  },
  {
    "_id": {
      "$oid": "65ec108d9884656b92f55873"
    },
    "ppuQuantity": "100ML",
    "pricing": {
      "perUnit": "£82.00 per 100ML",
      "regular": {
        "value": 82,
        "currency": "GBP",
        "text": "£82.00"
      },
      "current": {
        "value": 82,
        "currency": "GBP",
        "text": "£82.00"
      }
    },
    "objectId": "2935607",
    "brand": "Azzaro",
    "attributes": {
      "fragrance_scent": "amber",
      "product_type": "body spray",
      "size": "71-100",
      "gender": "mens",
      "StockOverrideMessage": "STOCK_COMING_SOON",
      "fragrance_type": "eau de parfum",
      "format": "spray",
      "hasPriceAdvantageDeal": false,
      "ProductReviewFlag": "1"
    },
    "variants": {
      "colours": [],
      "hasColours": false,
      "hasSizes": false
    },
    "categories": [
      [
        {
          "name": "new in",
          "label": "new in"
        },
        {
          "name": "toiletries",
          "label": "toiletries"
        },
        {
          "name": "men's",
          "label": "men's"
        },
        {
          "name": "fragrance",
          "label": "fragrance"
        },
        {
          "name": "gift",
          "label": "gift"
        }
      ],
      [
        {
          "name": "new in fragrance",
          "label": "new in > new in fragrance"
        },
        {
          "name": "men's toiletries",
          "label": "toiletries > men's toiletries"
        },
        {
          "name": "men's toiletries",
          "label": "men's > men's toiletries"
        },
        {
          "name": "perfume",
          "label": "fragrance > perfume"
        },
        {
          "name": "aftershave",
          "label": "fragrance > aftershave"
        },
        {
          "name": "gifts for him",
          "label": "gift > gifts for him"
        },
        {
          "name": "gifts for her",
          "label": "gift > gifts for her"
        },
        {
          "name": "aftershave",
          "label": "men's > aftershave"
        },
        {
          "name": "new in fragrance",
          "label": "fragrance > new in fragrance"
        },
        {
          "name": "brands",
          "label": "fragrance > brands"
        }
      ],
      [
        {
          "name": "aftershave",
          "label": "toiletries > men's toiletries > aftershave"
        },
        {
          "name": "aftershave",
          "label": "men's > men's toiletries > aftershave"
        },
        {
          "name": "all perfumes",
          "label": "fragrance > perfume > all perfumes"
        },
        {
          "name": "all aftershave",
          "label": "fragrance > aftershave > all aftershave"
        },
        {
          "name": "all aftershave",
          "label": "gift > gifts for him > all aftershave"
        },
        {
          "name": "all perfumes",
          "label": "gift > gifts for her > all perfumes"
        },
        {
          "name": "all aftershave",
          "label": "men's > aftershave > all aftershave"
        }
      ],
      [
        {
          "name": "all aftershave",
          "label": "toiletries > men's toiletries > aftershave > all aftershave"
        },
        {
          "name": "all aftershave",
          "label": "men's > men's toiletries > aftershave > all aftershave"
        }
      ]
    ],
    "reviews": {
      "average": 5,
      "count": 1,
      "rounded": 5
    },
    "parent": {
      "product": "2935606",
      "partNumber": "10340396.P",
      "model": "10340396",
      "manufacturerModel": "2331772"
    },
    "images": {
      "thumbnail": "https://boots.scene7.com/is/image/Boots/10340396?wid=45&hei=60&op_sharpen=1"
    },
    "offers": [],
    "actions": {},
    "iconUri": "https://boots.scene7.com/is/image/Boots/10340396?op_sharpen=1",
    "title": "Azzaro The Most Wanted Eau De Parfum Intense 100ml",
    "referenceUri": "/azzaro-the-most-wanted-eau-de-parfum-intense-100ml-10340396",
    "canAddToBasket": "yes",
    "opticians": false,
    "inStock": true,
    "expressDelivery": false,
    "hasOtherPromotion": false,
    "channelPromotionalTextMap": {
      "-1": [],
      "-6": []
    },
    "adCardPoints": 246
  },
  {
    "_id": {
      "$oid": "65ec108d9884656b92f55874"
    },
    "ppuQuantity": "60ML",
    "pricing": {
      "perUnit": "£125.00 per 100ML",
      "regular": {
        "value": 75,
        "currency": "GBP",
        "text": "£75.00"
      },
      "current": {
        "value": 75,
        "currency": "GBP",
        "text": "£75.00"
      }
    },
    "objectId": "3887",
    "brand": "Estee Lauder",
    "attributes": {
      "fragrance_scent": [
        "jasmine",
        "floral",
        "woody"
      ],
      "StockOverrideMessage": "STOCK_COMING_SOON",
      "size": "51-70",
      "gender": "womens",
      "parentCategory_UK": "33071",
      "fragrance_type": "eau de parfum",
      "hasPriceAdvantageDeal": false,
      "Reporting_Category": "fragrance",
      "ProductReviewFlag": "1"
    },
    "variants": {
      "colours": [],
      "hasColours": false,
      "hasSizes": false
    },
    "categories": [
      [
        {
          "name": "new in",
          "label": "new in"
        },
        {
          "name": "fragrance",
          "label": "fragrance"
        },
        {
          "name": "gift",
          "label": "gift"
        }
      ],
      [
        {
          "name": "new in fragrance",
          "label": "new in > new in fragrance"
        },
        {
          "name": "perfume",
          "label": "fragrance > perfume"
        },
        {
          "name": "gifts for her",
          "label": "gift > gifts for her"
        },
        {
          "name": "new in fragrance",
          "label": "fragrance > new in fragrance"
        },
        {
          "name": "5* rated perfumes & aftershaves",
          "label": "fragrance > 5* rated perfumes & aftershaves"
        }
      ],
      [
        {
          "name": "all perfumes",
          "label": "fragrance > perfume > all perfumes"
        },
        {
          "name": "floral perfume",
          "label": "fragrance > perfume > floral perfume"
        },
        {
          "name": "all perfumes",
          "label": "gift > gifts for her > all perfumes"
        }
      ]
    ],
    "reviews": {
      "average": 4.81,
      "count": 200,
      "rounded": 4
    },
    "parent": {
      "product": "3886",
      "partNumber": "10013605.P",
      "model": "10013605",
      "manufacturerModel": "1918834"
    },
    "images": {
      "thumbnail": "https://boots.scene7.com/is/image/Boots/10013605?wid=45&hei=60&op_sharpen=1"
    },
    "offers": [],
    "actions": {},
    "iconUri": "https://boots.scene7.com/is/image/Boots/10013605?op_sharpen=1",
    "title": "Estée Lauder White Linen Eau de Parfum Spray 60ml",
    "referenceUri": "/estee-lauder-white-linen-eau-de-parfum-spray-60ml-10013605",
    "canAddToBasket": "yes",
    "opticians": false,
    "inStock": true,
    "expressDelivery": false,
    "hasOtherPromotion": false,
    "channelPromotionalTextMap": {
      "-1": [],
      "-6": []
    },
    "adCardPoints": 225
  },
  {
    "_id": {
      "$oid": "65ec108d9884656b92f55875"
    },
    "ppuQuantity": "50ML",
    "pricing": {
      "perUnit": "£119.00 per 100ML",
      "regular": {
        "value": 70,
        "currency": "GBP",
        "text": "£70.00"
      },
      "current": {
        "value": 59.5,
        "currency": "GBP",
        "text": "£59.50"
      },
      "saving": {
        "value": 10.5,
        "currency": "GBP",
        "text": "£10.50"
      }
    },
    "objectId": "641698",
    "brand": "Estee Lauder",
    "attributes": {
      "fragrance_scent": [
        "floral",
        "woody",
        "vanilla",
        "amber"
      ],
      "StockOverrideMessage": "STOCK_COMING_SOON",
      "Size": "50ml",
      "parentCategory_UK": "33071",
      "fragrance_type": "eau de parfum",
      "hasPriceAdvantageDeal": false,
      "Reporting_Category": "fragrance",
      "ProductReviewFlag": "1"
    },
    "variants": {
      "colours": [],
      "hasColours": false,
      "hasSizes": false
    },
    "categories": [
      [
        {
          "name": "fragrance",
          "label": "fragrance"
        },
        {
          "name": "gift",
          "label": "gift"
        }
      ],
      [
        {
          "name": "5* rated perfumes & aftershaves",
          "label": "fragrance > 5* rated perfumes & aftershaves"
        },
        {
          "name": "perfume",
          "label": "fragrance > perfume"
        },
        {
          "name": "gifts for her",
          "label": "gift > gifts for her"
        }
      ],
      [
        {
          "name": "all perfumes",
          "label": "fragrance > perfume > all perfumes"
        },
        {
          "name": "vanilla perfume",
          "label": "fragrance > perfume > vanilla perfume"
        },
        {
          "name": "floral perfume",
          "label": "fragrance > perfume > floral perfume"
        },
        {
          "name": "amber perfume",
          "label": "fragrance > perfume > amber perfume"
        },
        {
          "name": "all perfumes",
          "label": "gift > gifts for her > all perfumes"
        }
      ]
    ],
    "reviews": {
      "average": 4.8,
      "count": 233,
      "rounded": 4
    },
    "parent": {
      "product": "641697",
      "partNumber": "10079440.P",
      "model": "10079440",
      "manufacturerModel": "5620643"
    },
    "images": {
      "thumbnail": "https://boots.scene7.com/is/image/Boots/10079440?wid=45&hei=60&op_sharpen=1"
    },
    "offers": [
      {
        "text": "Save up to 20 percent on selected fragrances"
      }
    ],
    "actions": {},
    "iconUri": "https://boots.scene7.com/is/image/Boots/10079440?op_sharpen=1",
    "title": "Estée Lauder SENSUOUS Eau de Parfum 50ml",
    "referenceUri": "/estee-lauder-sensuous-eau-de-parfum-spray-50ml-10079440",
    "canAddToBasket": "yes",
    "opticians": false,
    "inStock": true,
    "expressDelivery": false,
    "hasOtherPromotion": true,
    "channelPromotionalTextMap": {
      "-1": [
        "Save up to 20 percent on selected fragrances"
      ],
      "-6": [
        "Save up to 20 percent on selected fragrances"
      ]
    },
    "adCardPoints": 177
  },
  {
    "_id": {
      "$oid": "65ec108d9884656b92f55876"
    },
    "ppuQuantity": "30ML",
    "pricing": {
      "perUnit": "£189.83 per 100ML",
      "regular": {
        "value": 67,
        "currency": "GBP",
        "text": "£67.00"
      },
      "current": {
        "value": 56.95,
        "currency": "GBP",
        "text": "£56.95"
      },
      "saving": {
        "value": 10.05,
        "currency": "GBP",
        "text": "£10.05"
      }
    },
    "objectId": "2573421",
    "brand": "Mugler",
    "attributes": {
      "fragrance_scent": [
        "floral",
        "woody",
        "amber"
      ],
      "StockOverrideMessage": "STOCK_COMING_SOON",
      "size": "21-30",
      "fragrance_type": "eau de parfum",
      "hasPriceAdvantageDeal": false,
      "Reporting_Category": "fragrance",
      "ProductReviewFlag": "1"
    },
    "variants": {
      "colours": [],
      "hasColours": false,
      "hasSizes": false
    },
    "categories": [
      [
        {
          "name": "gift",
          "label": "gift"
        },
        {
          "name": "fragrance",
          "label": "fragrance"
        }
      ],
      [
        {
          "name": "Eid gifts",
          "label": "gift > Eid gifts"
        },
        {
          "name": "perfume",
          "label": "fragrance > perfume"
        },
        {
          "name": "gifts for her",
          "label": "gift > gifts for her"
        },
        {
          "name": "5* rated perfumes & aftershaves",
          "label": "fragrance > 5* rated perfumes & aftershaves"
        }
      ],
      [
        {
          "name": "all perfumes",
          "label": "fragrance > perfume > all perfumes"
        },
        {
          "name": "floral perfume",
          "label": "fragrance > perfume > floral perfume"
        },
        {
          "name": "amber perfume",
          "label": "fragrance > perfume > amber perfume"
        },
        {
          "name": "perfume refill bottles",
          "label": "fragrance > perfume > perfume refill bottles"
        },
        {
          "name": "all perfumes",
          "label": "gift > gifts for her > all perfumes"
        }
      ]
    ],
    "reviews": {
      "average": 4.78,
      "count": 1343,
      "rounded": 4
    },
    "parent": {
      "product": "2573420",
      "partNumber": "10299390.P",
      "model": "10299390",
      "manufacturerModel": "4901770"
    },
    "images": {
      "thumbnail": "https://boots.scene7.com/is/image/Boots/10299390?wid=45&hei=60&op_sharpen=1"
    },
    "offers": [
      {
        "text": "Save up to 20 percent on selected fragrances"
      }
    ],
    "actions": {},
    "iconUri": "https://boots.scene7.com/is/image/Boots/10299390?op_sharpen=1",
    "title": "MUGLER Alien Goddess Refillable Eau de Parfum 30ml",
    "referenceUri": "/mugler-alien-goddess-eau-de-parfum-30ml-10299390",
    "canAddToBasket": "yes",
    "opticians": false,
    "inStock": true,
    "expressDelivery": false,
    "hasOtherPromotion": true,
    "channelPromotionalTextMap": {
      "-1": [
        "Save up to 20 percent on selected fragrances"
      ],
      "-6": [
        "Save up to 20 percent on selected fragrances"
      ]
    },
    "adCardPoints": 168
  },
  {
    "_id": {
      "$oid": "65ec108d9884656b92f55877"
    },
    "ppuQuantity": "100ML",
    "pricing": {
      "perUnit": "£85.00 per 100ML",
      "regular": {
        "value": 100,
        "currency": "GBP",
        "text": "£100.00"
      },
      "current": {
        "value": 85,
        "currency": "GBP",
        "text": "£85.00"
      },
      "saving": {
        "value": 15,
        "currency": "GBP",
        "text": "£15.00"
      }
    },
    "objectId": "3141",
    "brand": "Ralph Lauren",
    "attributes": {
      "fragrance_scent": [
        "woody",
        "floral",
        "jasmine",
        "musk"
      ],
      "StockOverrideMessage": "STOCK_COMING_SOON",
      "gender": "womens",
      "size": "71-100",
      "parentCategory_UK": "33071",
      "fragrance_type": "eau de parfum",
      "hasPriceAdvantageDeal": false,
      "Reporting_Category": "fragrance",
      "ProductReviewFlag": "1"
    },
    "variants": {
      "colours": [],
      "hasColours": false,
      "hasSizes": false
    },
    "categories": [
      [
        {
          "name": "fragrance",
          "label": "fragrance"
        },
        {
          "name": "gift",
          "label": "gift"
        }
      ],
      [
        {
          "name": "perfume",
          "label": "fragrance > perfume"
        },
        {
          "name": "fragrance offers",
          "label": "fragrance > fragrance offers"
        },
        {
          "name": "gifts for her",
          "label": "gift > gifts for her"
        }
      ],
      [
        {
          "name": "all perfumes",
          "label": "fragrance > perfume > all perfumes"
        },
        {
          "name": "musky perfume",
          "label": "fragrance > perfume > musky perfume"
        },
        {
          "name": "floral perfume",
          "label": "fragrance > perfume > floral perfume"
        },
        {
          "name": "Save 15% on 100s of fragrances",
          "label": "fragrance > fragrance offers > Save 15% on 100s of fragrances"
        },
        {
          "name": "all perfumes",
          "label": "gift > gifts for her > all perfumes"
        }
      ]
    ],
    "reviews": {
      "average": 4.73,
      "count": 115,
      "rounded": 4
    },
    "parent": {
      "product": "3140",
      "partNumber": "10011789.P",
      "model": "10011789",
      "manufacturerModel": "3755428"
    },
    "images": {
      "thumbnail": "https://boots.scene7.com/is/image/Boots/10011789?wid=45&hei=60&op_sharpen=1"
    },
    "offers": [
      {
        "text": "Save up to 20 percent on selected fragrances"
      }
    ],
    "actions": {},
    "iconUri": "https://boots.scene7.com/is/image/Boots/10011789?op_sharpen=1",
    "title": "Ralph Lauren Romance Eau de Parfum Spray 100ml",
    "referenceUri": "/ralph-lauren-romance-eau-de-parfum-spray-100ml-10011789",
    "canAddToBasket": "yes",
    "opticians": false,
    "inStock": true,
    "expressDelivery": false,
    "hasOtherPromotion": true,
    "channelPromotionalTextMap": {
      "-1": [
        "Save up to 20 percent on selected fragrances"
      ],
      "-6": [
        "Save up to 20 percent on selected fragrances"
      ]
    },
    "adCardPoints": 255
  },
  {
    "_id": {
      "$oid": "65ec108d9884656b92f55878"
    },
    "ppuQuantity": "35ML",
    "pricing": {
      "perUnit": "£156.63 per 100ML",
      "regular": {
        "value": 64.5,
        "currency": "GBP",
        "text": "£64.50"
      },
      "current": {
        "value": 54.82,
        "currency": "GBP",
        "text": "£54.82"
      },
      "saving": {
        "value": 9.68,
        "currency": "GBP",
        "text": "£9.68"
      }
    },
    "objectId": "2796761",
    "brand": "Givenchy",
    "attributes": {
      "fragrance_scent": [
        "floral",
        "musk"
      ],
      "StockOverrideMessage": "STOCK_COMING_SOON",
      "size": "31-40",
      "gender": "womens",
      "fragrance_type": "eau de parfum",
      "hasPriceAdvantageDeal": false,
      "ProductReviewFlag": "1"
    },
    "variants": {
      "colours": [],
      "hasColours": false,
      "hasSizes": false
    },
    "categories": [
      [
        {
          "name": "fragrance",
          "label": "fragrance"
        },
        {
          "name": "gift",
          "label": "gift"
        }
      ],
      [
        {
          "name": "5* rated perfumes & aftershaves",
          "label": "fragrance > 5* rated perfumes & aftershaves"
        },
        {
          "name": "perfume",
          "label": "fragrance > perfume"
        },
        {
          "name": "gifts for her",
          "label": "gift > gifts for her"
        },
        {
          "name": "luxury fragrance",
          "label": "fragrance > luxury fragrance"
        },
        {
          "name": "brands",
          "label": "fragrance > brands"
        }
      ],
      [
        {
          "name": "all perfumes",
          "label": "fragrance > perfume > all perfumes"
        },
        {
          "name": "musky perfume",
          "label": "fragrance > perfume > musky perfume"
        },
        {
          "name": "floral perfume",
          "label": "fragrance > perfume > floral perfume"
        },
        {
          "name": "all perfumes",
          "label": "gift > gifts for her > all perfumes"
        }
      ]
    ],
    "reviews": {
      "average": 4.71,
      "count": 1687,
      "rounded": 4
    },
    "parent": {
      "product": "2796760",
      "partNumber": "10324430.P",
      "model": "10324430",
      "manufacturerModel": "5298644"
    },
    "images": {
      "thumbnail": "https://boots.scene7.com/is/image/Boots/10324430?wid=45&hei=60&op_sharpen=1"
    },
    "offers": [
      {
        "text": "Save up to 20 percent on selected fragrances"
      }
    ],
    "actions": {},
    "iconUri": "https://boots.scene7.com/is/image/Boots/10324430?op_sharpen=1",
    "title": "Givenchy Irresistable Rose Velvet Eau de Parfum 35ml",
    "referenceUri": "/givenchy-irresistable-rose-velvet-eau-de-parfum-35ml-10324430",
    "canAddToBasket": "yes",
    "opticians": false,
    "inStock": true,
    "expressDelivery": false,
    "hasOtherPromotion": true,
    "channelPromotionalTextMap": {
      "-1": [
        "Save up to 20 percent on selected fragrances"
      ],
      "-6": [
        "Save up to 20 percent on selected fragrances"
      ]
    },
    "adCardPoints": 162
  },
  {
    "_id": {
      "$oid": "65ec108d9884656b92f55879"
    },
    "ppuQuantity": "100ML",
    "pricing": {
      "perUnit": "£96.90 per 100ML",
      "regular": {
        "value": 114,
        "currency": "GBP",
        "text": "£114.00"
      },
      "current": {
        "value": 96.9,
        "currency": "GBP",
        "text": "£96.90"
      },
      "saving": {
        "value": 17.1,
        "currency": "GBP",
        "text": "£17.10"
      }
    },
    "objectId": "1807894",
    "brand": "Christian Dior",
    "attributes": {
      "fragrance_scent": [
        "floral",
        "citrus"
      ],
      "StockOverrideMessage": "STOCK_COMING_SOON",
      "size": "71-100",
      "gender": "womens",
      "parentCategory_UK": "33071",
      "fragrance_type": "eau de toilette",
      "hasPriceAdvantageDeal": false,
      "Reporting_Category": "fragrance",
      "ProductReviewFlag": "1"
    },
    "variants": {
      "colours": [],
      "hasColours": false,
      "hasSizes": false
    },
    "categories": [
      [
        {
          "name": "fragrance",
          "label": "fragrance"
        },
        {
          "name": "gift",
          "label": "gift"
        }
      ],
      [
        {
          "name": "5* rated perfumes & aftershaves",
          "label": "fragrance > 5* rated perfumes & aftershaves"
        },
        {
          "name": "perfume",
          "label": "fragrance > perfume"
        },
        {
          "name": "fragrance offers",
          "label": "fragrance > fragrance offers"
        },
        {
          "name": "gifts for her",
          "label": "gift > gifts for her"
        }
      ],
      [
        {
          "name": "all perfumes",
          "label": "fragrance > perfume > all perfumes"
        },
        {
          "name": "floral perfume",
          "label": "fragrance > perfume > floral perfume"
        },
        {
          "name": "Save 15% on 100s of fragrances",
          "label": "fragrance > fragrance offers > Save 15% on 100s of fragrances"
        },
        {
          "name": "all perfumes",
          "label": "gift > gifts for her > all perfumes"
        }
      ]
    ],
    "reviews": {
      "average": 4.7,
      "count": 44,
      "rounded": 4
    },
    "parent": {
      "product": "1807893",
      "partNumber": "10211920.P",
      "model": "10211920",
      "manufacturerModel": "6522084"
    },
    "images": {
      "thumbnail": "https://boots.scene7.com/is/image/Boots/10211920?wid=45&hei=60&op_sharpen=1"
    },
    "offers": [
      {
        "text": "Save up to 20 percent on selected fragrances"
      }
    ],
    "actions": {},
    "iconUri": "https://boots.scene7.com/is/image/Boots/10211920?op_sharpen=1",
    "title": "DIOR J'adore Eau de Toilette Spray 100ml",
    "referenceUri": "/dior-jadore-lumiere-eau-de-toilette-spray-100ml-10211920",
    "canAddToBasket": "yes",
    "opticians": false,
    "inStock": true,
    "expressDelivery": false,
    "hasOtherPromotion": true,
    "channelPromotionalTextMap": {
      "-1": [
        "Save up to 20 percent on selected fragrances"
      ],
      "-6": [
        "Save up to 20 percent on selected fragrances"
      ]
    },
    "adCardPoints": 288
  },
  {
    "_id": {
      "$oid": "65ec108d9884656b92f5587a"
    },
    "ppuQuantity": "50ML",
    "pricing": {
      "perUnit": "£100.30 per 100ML",
      "regular": {
        "value": 59,
        "currency": "GBP",
        "text": "£59.00"
      },
      "current": {
        "value": 50.15,
        "currency": "GBP",
        "text": "£50.15"
      },
      "saving": {
        "value": 8.85,
        "currency": "GBP",
        "text": "£8.85"
      }
    },
    "objectId": "1230794",
    "brand": "Diesel",
    "attributes": {
      "fragrance_scent": [
        "amber",
        "vanilla"
      ],
      "gender": "womens",
      "StockOverrideMessage": "STOCK_COMING_SOON",
      "size": "41-50",
      "Size": "50ml",
      "parentCategory_UK": "33071",
      "fragrance_type": "eau de parfum",
      "hasPriceAdvantageDeal": false,
      "Reporting_Category": "fragrance",
      "ProductReviewFlag": "1"
    },
    "variants": {
      "colours": [],
      "hasColours": false,
      "hasSizes": false
    },
    "categories": [
      [
        {
          "name": "fragrance",
          "label": "fragrance"
        },
        {
          "name": "gift",
          "label": "gift"
        }
      ],
      [
        {
          "name": "perfume",
          "label": "fragrance > perfume"
        },
        {
          "name": "fragrance offers",
          "label": "fragrance > fragrance offers"
        },
        {
          "name": "gifts for her",
          "label": "gift > gifts for her"
        }
      ],
      [
        {
          "name": "all perfumes",
          "label": "fragrance > perfume > all perfumes"
        },
        {
          "name": "vanilla perfume",
          "label": "fragrance > perfume > vanilla perfume"
        },
        {
          "name": "amber perfume",
          "label": "fragrance > perfume > amber perfume"
        },
        {
          "name": "Save 15% on 100s of fragrances",
          "label": "fragrance > fragrance offers > Save 15% on 100s of fragrances"
        },
        {
          "name": "all perfumes",
          "label": "gift > gifts for her > all perfumes"
        }
      ]
    ],
    "reviews": {
      "average": 4.7,
      "count": 82,
      "rounded": 4
    },
    "parent": {
      "product": "1230793",
      "partNumber": "10130615.P",
      "model": "10130615",
      "manufacturerModel": "3451127"
    },
    "images": {
      "thumbnail": "https://boots.scene7.com/is/image/Boots/10130615?wid=45&hei=60&op_sharpen=1"
    },
    "offers": [
      {
        "text": "Save up to 20 percent on selected fragrances"
      }
    ],
    "actions": {},
    "iconUri": "https://boots.scene7.com/is/image/Boots/10130615?op_sharpen=1",
    "title": "Diesel Loverdose Eau de Parfum 50ml",
    "referenceUri": "/diesel-loverdose-eau-de-parfum-50ml-10130615",
    "canAddToBasket": "yes",
    "opticians": false,
    "inStock": true,
    "expressDelivery": false,
    "hasOtherPromotion": true,
    "channelPromotionalTextMap": {
      "-1": [
        "Save up to 20 percent on selected fragrances"
      ],
      "-6": [
        "Save up to 20 percent on selected fragrances"
      ]
    },
    "adCardPoints": 150
  },
  {
    "_id": {
      "$oid": "65ec108d9884656b92f5587b"
    },
    "ppuQuantity": "50ML",
    "pricing": {
      "perUnit": "£126.40 per 100ML",
      "regular": {
        "value": 79,
        "currency": "GBP",
        "text": "£79.00"
      },
      "current": {
        "value": 63.2,
        "currency": "GBP",
        "text": "£63.20"
      },
      "saving": {
        "value": 15.8,
        "currency": "GBP",
        "text": "£15.80"
      }
    },
    "objectId": "2183755",
    "brand": "Estee Lauder",
    "attributes": {
      "fragrance_scent": [
        "woody",
        "floral",
        "fruity"
      ],
      "size": "41-50",
      "gender": "womens",
      "StockOverrideMessage": "STOCK_COMING_SOON",
      "fragrance_type": "eau de parfum",
      "hasPriceAdvantageDeal": false,
      "ProductReviewFlag": "1"
    },
    "variants": {
      "colours": [],
      "hasColours": false,
      "hasSizes": false
    },
    "categories": [
      [
        {
          "name": "men's",
          "label": "men's"
        },
        {
          "name": "toiletries",
          "label": "toiletries"
        },
        {
          "name": "fragrance",
          "label": "fragrance"
        },
        {
          "name": "gift",
          "label": "gift"
        }
      ],
      [
        {
          "name": "aftershave",
          "label": "men's > aftershave"
        },
        {
          "name": "men's toiletries",
          "label": "toiletries > men's toiletries"
        },
        {
          "name": "men's toiletries",
          "label": "men's > men's toiletries"
        },
        {
          "name": "perfume",
          "label": "fragrance > perfume"
        },
        {
          "name": "aftershave",
          "label": "fragrance > aftershave"
        },
        {
          "name": "recommended",
          "label": "fragrance > recommended"
        },
        {
          "name": "gifts for her",
          "label": "gift > gifts for her"
        }
      ],
      [
        {
          "name": "woody aftershave",
          "label": "men's > aftershave > woody aftershave"
        },
        {
          "name": "aftershave",
          "label": "toiletries > men's toiletries > aftershave"
        },
        {
          "name": "aftershave",
          "label": "men's > men's toiletries > aftershave"
        },
        {
          "name": "all perfumes",
          "label": "fragrance > perfume > all perfumes"
        },
        {
          "name": "floral perfume",
          "label": "fragrance > perfume > floral perfume"
        },
        {
          "name": "woody aftershave",
          "label": "fragrance > aftershave > woody aftershave"
        },
        {
          "name": "best floral perfumes",
          "label": "fragrance > recommended > best floral perfumes"
        },
        {
          "name": "all perfumes",
          "label": "gift > gifts for her > all perfumes"
        }
      ],
      [
        {
          "name": "woody aftershave",
          "label": "toiletries > men's toiletries > aftershave > woody aftershave"
        },
        {
          "name": "woody aftershave",
          "label": "men's > men's toiletries > aftershave > woody aftershave"
        }
      ]
    ],
    "reviews": {
      "average": 4.69,
      "count": 8617,
      "rounded": 4
    },
    "parent": {
      "product": "2183754",
      "partNumber": "10256264.P",
      "model": "10256264",
      "manufacturerModel": "8320195"
    },
    "images": {
      "thumbnail": "https://boots.scene7.com/is/image/Boots/10256264?wid=45&hei=60&op_sharpen=1"
    },
    "offers": [
      {
        "text": "Save up to 25 percent across selected Premium Beauty"
      }
    ],
    "actions": {},
    "iconUri": "https://boots.scene7.com/is/image/Boots/10256264?op_sharpen=1",
    "title": "Estée Lauder Beautiful Belle Eau de Parfum Spray 50ml",
    "referenceUri": "/estee-lauder-beautiful-belle-eau-de-parfum-50ml-10256264",
    "canAddToBasket": "yes",
    "opticians": false,
    "inStock": true,
    "expressDelivery": false,
    "hasOtherPromotion": true,
    "channelPromotionalTextMap": {
      "-1": [
        "Save up to 25 percent across selected Premium Beauty"
      ],
      "-6": [
        "Save up to 25 percent across selected Premium Beauty"
      ]
    },
    "adCardPoints": 189
  },
  {
    "_id": {
      "$oid": "65ec108d9884656b92f5587c"
    },
    "ppuQuantity": "50ML",
    "pricing": {
      "perUnit": "£88.40 per 100ML",
      "regular": {
        "value": 52,
        "currency": "GBP",
        "text": "£52.00"
      },
      "current": {
        "value": 44.2,
        "currency": "GBP",
        "text": "£44.20"
      },
      "saving": {
        "value": 7.8,
        "currency": "GBP",
        "text": "£7.80"
      }
    },
    "objectId": "3855",
    "brand": "Ralph Lauren",
    "attributes": {
      "fragrance_scent": [
        "musk",
        "floral"
      ],
      "size": "41-50",
      "StockOverrideMessage": "STOCK_COMING_SOON",
      "gender": "womens",
      "parentCategory_UK": "33071",
      "fragrance_type": "eau de toilette",
      "hasPriceAdvantageDeal": false,
      "Reporting_Category": "fragrance",
      "ProductReviewFlag": "1"
    },
    "variants": {
      "colours": [],
      "hasColours": false,
      "hasSizes": false
    },
    "categories": [
      [
        {
          "name": "fragrance",
          "label": "fragrance"
        },
        {
          "name": "gift",
          "label": "gift"
        }
      ],
      [
        {
          "name": "fragrance offers",
          "label": "fragrance > fragrance offers"
        },
        {
          "name": "perfume",
          "label": "fragrance > perfume"
        },
        {
          "name": "gifts for her",
          "label": "gift > gifts for her"
        }
      ],
      [
        {
          "name": "all perfumes",
          "label": "fragrance > perfume > all perfumes"
        },
        {
          "name": "musky perfume",
          "label": "fragrance > perfume > musky perfume"
        },
        {
          "name": "floral perfume",
          "label": "fragrance > perfume > floral perfume"
        },
        {
          "name": "Save 15% on 100s of fragrances",
          "label": "fragrance > fragrance offers > Save 15% on 100s of fragrances"
        },
        {
          "name": "all perfumes",
          "label": "gift > gifts for her > all perfumes"
        }
      ]
    ],
    "reviews": {
      "average": 4.68,
      "count": 65,
      "rounded": 4
    },
    "parent": {
      "product": "3854",
      "partNumber": "10013381.P",
      "model": "10013381",
      "manufacturerModel": "1947591"
    },
    "images": {
      "thumbnail": "https://boots.scene7.com/is/image/Boots/10013381?wid=45&hei=60&op_sharpen=1"
    },
    "offers": [
      {
        "text": "Save up to 20 percent on selected fragrances"
      }
    ],
    "actions": {},
    "iconUri": "https://boots.scene7.com/is/image/Boots/10013381?op_sharpen=1",
    "title": "Ralph Eau de Toilette 50ml",
    "referenceUri": "/ralph-eau-de-toilette-50ml-10013381",
    "canAddToBasket": "yes",
    "opticians": false,
    "inStock": true,
    "expressDelivery": false,
    "hasOtherPromotion": true,
    "channelPromotionalTextMap": {
      "-1": [
        "Save up to 20 percent on selected fragrances"
      ],
      "-6": [
        "Save up to 20 percent on selected fragrances"
      ]
    },
    "adCardPoints": 132
  },
  {
    "_id": {
      "$oid": "65ec108d9884656b92f5587d"
    },
    "ppuQuantity": "100ML",
    "pricing": {
      "perUnit": "£114.00 per 100ML",
      "regular": {
        "value": 114,
        "currency": "GBP",
        "text": "£114.00"
      },
      "current": {
        "value": 114,
        "currency": "GBP",
        "text": "£114.00"
      }
    },
    "objectId": "2691103",
    "brand": "Narciso Rodriguez",
    "attributes": {
      "fragrance_scent": [
        "woody",
        "floral",
        "musk",
        "citrus"
      ],
      "StockOverrideMessage": "STOCK_COMING_SOON",
      "gender": "womens",
      "size": "71-100",
      "fragrance_type": "eau de parfum",
      "hasPriceAdvantageDeal": false,
      "Reporting_Category": "fragrance",
      "ProductReviewFlag": "1"
    },
    "variants": {
      "colours": [],
      "hasColours": false,
      "hasSizes": false
    },
    "categories": [
      [
        {
          "name": "fragrance",
          "label": "fragrance"
        },
        {
          "name": "beauty & skincare",
          "label": "beauty & skincare"
        },
        {
          "name": "gift",
          "label": "gift"
        }
      ],
      [
        {
          "name": "perfume",
          "label": "fragrance > perfume"
        },
        {
          "name": "beauty awards",
          "label": "beauty & skincare > beauty awards"
        },
        {
          "name": "gifts for her",
          "label": "gift > gifts for her"
        }
      ],
      [
        {
          "name": "beauty awards nominees",
          "label": "beauty & skincare > beauty awards > beauty awards nominees"
        },
        {
          "name": "all perfumes",
          "label": "fragrance > perfume > all perfumes"
        },
        {
          "name": "musky perfume",
          "label": "fragrance > perfume > musky perfume"
        },
        {
          "name": "floral perfume",
          "label": "fragrance > perfume > floral perfume"
        },
        {
          "name": "all perfumes",
          "label": "gift > gifts for her > all perfumes"
        }
      ]
    ],
    "reviews": {
      "average": 4.63,
      "count": 19,
      "rounded": 4
    },
    "parent": {
      "product": "2691102",
      "partNumber": "10312822.P",
      "model": "10312822",
      "manufacturerModel": "2438704"
    },
    "images": {
      "thumbnail": "https://boots.scene7.com/is/image/Boots/10312822?wid=45&hei=60&op_sharpen=1"
    },
    "offers": [
      {
        "text": "Free Narciso Rodriguez mirror and case when you buy selected fragrance - online only, whilst stocks last"
      }
    ],
    "actions": {},
    "iconUri": "https://boots.scene7.com/is/image/Boots/10312822?op_sharpen=1",
    "title": "Narciso Rodriguez for her Eau de Parfum 100ml",
    "referenceUri": "/narciso-rodriguez-for-her-eau-de-parfum-100ml-10312822",
    "canAddToBasket": "yes",
    "opticians": false,
    "inStock": true,
    "expressDelivery": false,
    "hasOtherPromotion": true,
    "channelPromotionalTextMap": {
      "-1": [
        "Free Narciso Rodriguez mirror and case when you buy selected fragrance - online only, whilst stocks last"
      ],
      "-6": [
        "Free Narciso Rodriguez mirror and case when you buy selected fragrance - online only, whilst stocks last"
      ]
    },
    "adCardPoints": 342
  },
  {
    "_id": {
      "$oid": "65ec108d9884656b92f5587e"
    },
    "ppuQuantity": "30ML",
    "pricing": {
      "perUnit": "£160.00 per 100ML",
      "regular": {
        "value": 60,
        "currency": "GBP",
        "text": "£60.00"
      },
      "current": {
        "value": 48,
        "currency": "GBP",
        "text": "£48.00"
      },
      "saving": {
        "value": 12,
        "currency": "GBP",
        "text": "£12.00"
      }
    },
    "objectId": "2414446",
    "brand": "Hugo Boss",
    "attributes": {
      "fragrance_scent": [
        "fruity",
        "vanilla",
        "woody"
      ],
      "StockOverrideMessage": "STOCK_COMING_SOON",
      "gender": "womens",
      "size": "21-30",
      "fragrance_type": "eau de parfum",
      "hasPriceAdvantageDeal": false,
      "Reporting_Category": "fragrance",
      "ProductReviewFlag": "1"
    },
    "variants": {
      "colours": [],
      "hasColours": false,
      "hasSizes": false
    },
    "categories": [
      [
        {
          "name": "fragrance",
          "label": "fragrance"
        },
        {
          "name": "gift",
          "label": "gift"
        }
      ],
      [
        {
          "name": "5* rated perfumes & aftershaves",
          "label": "fragrance > 5* rated perfumes & aftershaves"
        },
        {
          "name": "perfume",
          "label": "fragrance > perfume"
        },
        {
          "name": "gifts for her",
          "label": "gift > gifts for her"
        }
      ],
      [
        {
          "name": "all perfumes",
          "label": "fragrance > perfume > all perfumes"
        },
        {
          "name": "vanilla perfume",
          "label": "fragrance > perfume > vanilla perfume"
        },
        {
          "name": "all perfumes",
          "label": "gift > gifts for her > all perfumes"
        }
      ]
    ],
    "reviews": {
      "average": 4.63,
      "count": 75,
      "rounded": 4
    },
    "parent": {
      "product": "2414445",
      "partNumber": "10282294.P",
      "model": "10282294",
      "manufacturerModel": "8860904"
    },
    "images": {
      "thumbnail": "https://boots.scene7.com/is/image/Boots/10282294?wid=45&hei=60&op_sharpen=1"
    },
    "offers": [
      {
        "text": "Save up to 20 percent on selected fragrances"
      }
    ],
    "actions": {},
    "iconUri": "https://boots.scene7.com/is/image/Boots/10282294?op_sharpen=1",
    "title": "Hugo Boss BOSS Alive Eau de Parfum For Her 30ml",
    "referenceUri": "/boss-alive-30ml-10282294",
    "canAddToBasket": "yes",
    "opticians": false,
    "inStock": true,
    "expressDelivery": false,
    "hasOtherPromotion": true,
    "channelPromotionalTextMap": {
      "-1": [
        "Save up to 20 percent on selected fragrances"
      ],
      "-6": [
        "Save up to 20 percent on selected fragrances"
      ]
    },
    "adCardPoints": 144
  },
  {
    "_id": {
      "$oid": "65ec108d9884656b92f5587f"
    },
    "ppuQuantity": "50ML",
    "pricing": {
      "perUnit": "£48.00 per 100ML",
      "regular": {
        "value": 24,
        "currency": "GBP",
        "text": "£24.00"
      },
      "current": {
        "value": 24,
        "currency": "GBP",
        "text": "£24.00"
      }
    },
    "objectId": "2353525",
    "brand": "Karl Lagerfeld",
    "attributes": {
      "fragrance_scent": [
        "fruity",
        "floral"
      ],
      "product_type": "body spray",
      "size": "41-50",
      "gender": "womens",
      "StockOverrideMessage": "STOCK_COMING_SOON",
      "fragrance_type": "eau de parfum",
      "format": "spray",
      "hasPriceAdvantageDeal": false,
      "Reporting_Category": "fragrance",
      "ProductReviewFlag": "1"
    },
    "variants": {
      "colours": [],
      "hasColours": false,
      "hasSizes": false
    },
    "categories": [
      [
        {
          "name": "fragrance",
          "label": "fragrance"
        },
        {
          "name": "gift",
          "label": "gift"
        },
        {
          "name": "new in",
          "label": "new in"
        }
      ],
      [
        {
          "name": "perfume",
          "label": "fragrance > perfume"
        },
        {
          "name": "gifts for her",
          "label": "gift > gifts for her"
        },
        {
          "name": "new in fragrance",
          "label": "fragrance > new in fragrance"
        },
        {
          "name": "brands",
          "label": "fragrance > brands"
        },
        {
          "name": "5* rated perfumes & aftershaves",
          "label": "fragrance > 5* rated perfumes & aftershaves"
        },
        {
          "name": "new in fragrance",
          "label": "new in > new in fragrance"
        }
      ],
      [
        {
          "name": "all perfumes",
          "label": "fragrance > perfume > all perfumes"
        },
        {
          "name": "floral perfume",
          "label": "fragrance > perfume > floral perfume"
        },
        {
          "name": "all perfumes",
          "label": "gift > gifts for her > all perfumes"
        }
      ]
    ],
    "reviews": {
      "average": 4.63,
      "count": 796,
      "rounded": 4
    },
    "parent": {
      "product": "2353524",
      "partNumber": "10275506.P",
      "model": "10275506",
      "manufacturerModel": "8758336"
    },
    "images": {
      "thumbnail": "https://boots.scene7.com/is/image/Boots/10275506?wid=45&hei=60&op_sharpen=1"
    },
    "offers": [],
    "actions": {},
    "iconUri": "https://boots.scene7.com/is/image/Boots/10275506?op_sharpen=1",
    "title": "Karl Lagerfeld Fleur de Pêcher Eau de Parfum 50ml",
    "referenceUri": "/karl-lagerfeld-fleur-de-pecher-eau-de-parfum-50ml-10275506",
    "canAddToBasket": "yes",
    "opticians": false,
    "inStock": true,
    "expressDelivery": false,
    "hasOtherPromotion": false,
    "channelPromotionalTextMap": {
      "-1": [],
      "-6": []
    },
    "adCardPoints": 72
  },
  {
    "_id": {
      "$oid": "65ec108d9884656b92f55880"
    },
    "ppuQuantity": "100ML",
    "pricing": {
      "perUnit": "£79.05 per 100ML",
      "regular": {
        "value": 93,
        "currency": "GBP",
        "text": "£93.00"
      },
      "current": {
        "value": 79.05,
        "currency": "GBP",
        "text": "£79.05"
      },
      "saving": {
        "value": 13.95,
        "currency": "GBP",
        "text": "£13.95"
      }
    },
    "objectId": "15333",
    "brand": "Dolce & Gabbana",
    "attributes": {
      "fragrance_scent": [
        "woody",
        "floral",
        "fruity"
      ],
      "size": "71-100",
      "gender": "womens",
      "StockOverrideMessage": "STOCK_COMING_SOON",
      "parentCategory_UK": "33071",
      "fragrance_type": "eau de toilette",
      "hasPriceAdvantageDeal": false,
      "Reporting_Category": "fragrance",
      "ProductReviewFlag": "1"
    },
    "variants": {
      "colours": [],
      "hasColours": false,
      "hasSizes": false
    },
    "categories": [
      [
        {
          "name": "fragrance",
          "label": "fragrance"
        },
        {
          "name": "gift",
          "label": "gift"
        }
      ],
      [
        {
          "name": "5* rated perfumes & aftershaves",
          "label": "fragrance > 5* rated perfumes & aftershaves"
        },
        {
          "name": "perfume",
          "label": "fragrance > perfume"
        },
        {
          "name": "fragrance offers",
          "label": "fragrance > fragrance offers"
        },
        {
          "name": "gifts for her",
          "label": "gift > gifts for her"
        }
      ],
      [
        {
          "name": "all perfumes",
          "label": "fragrance > perfume > all perfumes"
        },
        {
          "name": "floral perfume",
          "label": "fragrance > perfume > floral perfume"
        },
        {
          "name": "save up to 20% on fragrance",
          "label": "fragrance > fragrance offers > save up to 20% on fragrance"
        },
        {
          "name": "all perfumes",
          "label": "gift > gifts for her > all perfumes"
        }
      ]
    ],
    "reviews": {
      "average": 4.62,
      "count": 292,
      "rounded": 4
    },
    "parent": {
      "product": "15332",
      "partNumber": "10041112.P",
      "model": "10041112",
      "manufacturerModel": "2090694"
    },
    "images": {
      "thumbnail": "https://boots.scene7.com/is/image/Boots/10041112?wid=45&hei=60&op_sharpen=1"
    },
    "offers": [
      {
        "text": "Save up to 20 percent on selected fragrances"
      }
    ],
    "actions": {},
    "iconUri": "https://boots.scene7.com/is/image/Boots/10041112?op_sharpen=1",
    "title": "Dolce&Gabbana Light Blue Eau de Toilette 100ml",
    "referenceUri": "/dolce-and-gabbana-light-blue-eau-de-toilette-100ml-10041112",
    "canAddToBasket": "yes",
    "opticians": false,
    "inStock": true,
    "expressDelivery": false,
    "hasOtherPromotion": true,
    "channelPromotionalTextMap": {
      "-1": [
        "Save up to 20 percent on selected fragrances"
      ],
      "-6": [
        "Save up to 20 percent on selected fragrances"
      ]
    },
    "adCardPoints": 237
  },
  {
    "_id": {
      "$oid": "65ec108d9884656b92f55881"
    },
    "ppuQuantity": "50ML",
    "pricing": {
      "perUnit": "£140.00 per 100ML",
      "regular": {
        "value": 70,
        "currency": "GBP",
        "text": "£70.00"
      },
      "current": {
        "value": 70,
        "currency": "GBP",
        "text": "£70.00"
      }
    },
    "objectId": "4766",
    "brand": "Estee Lauder",
    "attributes": {
      "fragrance_scent": [
        "jasmine",
        "woody",
        "floral"
      ],
      "StockOverrideMessage": "STOCK_COMING_SOON",
      "size": "41-50",
      "gender": "womens",
      "Size": "50 ml",
      "parentCategory_UK": "33071",
      "fragrance_type": "eau de parfum",
      "hasPriceAdvantageDeal": false,
      "Reporting_Category": "fragrance",
      "ProductReviewFlag": "1"
    },
    "variants": {
      "colours": [],
      "hasColours": false,
      "hasSizes": false
    },
    "categories": [
      [
        {
          "name": "fragrance",
          "label": "fragrance"
        },
        {
          "name": "gift",
          "label": "gift"
        }
      ],
      [
        {
          "name": "5* rated perfumes & aftershaves",
          "label": "fragrance > 5* rated perfumes & aftershaves"
        },
        {
          "name": "perfume",
          "label": "fragrance > perfume"
        },
        {
          "name": "gifts for her",
          "label": "gift > gifts for her"
        }
      ],
      [
        {
          "name": "all perfumes",
          "label": "fragrance > perfume > all perfumes"
        },
        {
          "name": "floral perfume",
          "label": "fragrance > perfume > floral perfume"
        },
        {
          "name": "all perfumes",
          "label": "gift > gifts for her > all perfumes"
        }
      ]
    ],
    "reviews": {
      "average": 4.57,
      "count": 112,
      "rounded": 4
    },
    "parent": {
      "product": "4765",
      "partNumber": "10014735.P",
      "model": "10014735",
      "manufacturerModel": "1919032"
    },
    "images": {
      "thumbnail": "https://boots.scene7.com/is/image/Boots/10014735?wid=45&hei=60&op_sharpen=1"
    },
    "offers": [],
    "actions": {},
    "iconUri": "https://boots.scene7.com/is/image/Boots/10014735?op_sharpen=1",
    "title": "Estée Lauder Private Collection Eau de Parfum 50ml",
    "referenceUri": "/estee-lauder-private-collection-eau-de-parfum-spray-50ml-10014735",
    "canAddToBasket": "yes",
    "opticians": false,
    "inStock": true,
    "expressDelivery": false,
    "hasOtherPromotion": false,
    "channelPromotionalTextMap": {
      "-1": [],
      "-6": []
    },
    "adCardPoints": 210
  },
  {
    "_id": {
      "$oid": "65ec108d9884656b92f55882"
    },
    "ppuQuantity": "150ML",
    "pricing": {
      "perUnit": "£95.77 per 100ML",
      "regular": {
        "value": 169,
        "currency": "GBP",
        "text": "£169.00"
      },
      "current": {
        "value": 143.65,
        "currency": "GBP",
        "text": "£143.65"
      },
      "saving": {
        "value": 25.35,
        "currency": "GBP",
        "text": "£25.35"
      }
    },
    "objectId": "2713657",
    "brand": "Christian Dior",
    "attributes": {
      "fragrance_scent": "floral",
      "size": "101-150",
      "StockOverrideMessage": "STOCK_COMING_SOON",
      "fragrance_type": "eau de parfum",
      "hasPriceAdvantageDeal": false,
      "ProductReviewFlag": "1"
    },
    "variants": {
      "colours": [],
      "hasColours": false,
      "hasSizes": false
    },
    "categories": [
      [
        {
          "name": "fragrance",
          "label": "fragrance"
        },
        {
          "name": "gift",
          "label": "gift"
        }
      ],
      [
        {
          "name": "5* rated perfumes & aftershaves",
          "label": "fragrance > 5* rated perfumes & aftershaves"
        },
        {
          "name": "perfume",
          "label": "fragrance > perfume"
        },
        {
          "name": "gifts for her",
          "label": "gift > gifts for her"
        },
        {
          "name": "luxury fragrance",
          "label": "fragrance > luxury fragrance"
        },
        {
          "name": "brands",
          "label": "fragrance > brands"
        }
      ],
      [
        {
          "name": "all perfumes",
          "label": "fragrance > perfume > all perfumes"
        },
        {
          "name": "all perfumes",
          "label": "gift > gifts for her > all perfumes"
        }
      ]
    ],
    "reviews": {
      "average": 4.55,
      "count": 312,
      "rounded": 4
    },
    "parent": {
      "product": "2713656",
      "partNumber": "10316785.P",
      "model": "10316785",
      "manufacturerModel": "3894088"
    },
    "images": {
      "thumbnail": "https://boots.scene7.com/is/image/Boots/10316785?wid=45&hei=60&op_sharpen=1"
    },
    "offers": [
      {
        "text": "Save up to 20 percent on selected fragrances"
      }
    ],
    "actions": {},
    "iconUri": "https://boots.scene7.com/is/image/Boots/10316785?op_sharpen=1",
    "title": "DIOR Miss Dior Eau de Parfum 150ml",
    "referenceUri": "/dior-miss-dior-eau-de-parfum-150ml-10316785",
    "canAddToBasket": "yes",
    "opticians": false,
    "inStock": true,
    "expressDelivery": false,
    "hasOtherPromotion": true,
    "channelPromotionalTextMap": {
      "-1": [
        "Save up to 20 percent on selected fragrances"
      ],
      "-6": [
        "Save up to 20 percent on selected fragrances"
      ]
    },
    "adCardPoints": 429
  },
  {
    "_id": {
      "$oid": "65ec108d9884656b92f55883"
    },
    "ppuQuantity": "90ML",
    "pricing": {
      "perUnit": "£129.39 per 100ML",
      "regular": {
        "value": 137,
        "currency": "GBP",
        "text": "£137.00"
      },
      "current": {
        "value": 116.45,
        "currency": "GBP",
        "text": "£116.45"
      },
      "saving": {
        "value": 20.55,
        "currency": "GBP",
        "text": "£20.55"
      }
    },
    "objectId": "2288456",
    "brand": "Christian Dior",
    "attributes": {
      "fragrance_scent": "floral",
      "gender": "womens",
      "size": "71-100",
      "StockOverrideMessage": "STOCK_COMING_SOON",
      "fragrance_type": "eau de parfum",
      "hasPriceAdvantageDeal": false,
      "Reporting_Category": "fragrance",
      "ProductReviewFlag": "1"
    },
    "variants": {
      "colours": [],
      "hasColours": false,
      "hasSizes": false
    },
    "categories": [
      [
        {
          "name": "gift",
          "label": "gift"
        },
        {
          "name": "fragrance",
          "label": "fragrance"
        }
      ],
      [
        {
          "name": "luxury gifts",
          "label": "gift > luxury gifts"
        },
        {
          "name": "perfume",
          "label": "fragrance > perfume"
        },
        {
          "name": "fragrance offers",
          "label": "fragrance > fragrance offers"
        },
        {
          "name": "gifts for her",
          "label": "gift > gifts for her"
        },
        {
          "name": "5* rated perfumes & aftershaves",
          "label": "fragrance > 5* rated perfumes & aftershaves"
        },
        {
          "name": "Eid gifts",
          "label": "gift > Eid gifts"
        }
      ],
      [
        {
          "name": "all perfumes",
          "label": "fragrance > perfume > all perfumes"
        },
        {
          "name": "floral perfume",
          "label": "fragrance > perfume > floral perfume"
        },
        {
          "name": "Save 15% on 100s of fragrances",
          "label": "fragrance > fragrance offers > Save 15% on 100s of fragrances"
        },
        {
          "name": "all perfumes",
          "label": "gift > gifts for her > all perfumes"
        }
      ]
    ],
    "reviews": {
      "average": 4.52,
      "count": 228,
      "rounded": 4
    },
    "parent": {
      "product": "2288455",
      "partNumber": "10266185.P",
      "model": "10266185",
      "manufacturerModel": "8559147"
    },
    "images": {
      "thumbnail": "https://boots.scene7.com/is/image/Boots/10266185?wid=45&hei=60&op_sharpen=1"
    },
    "offers": [
      {
        "text": "Save up to 20 percent on selected fragrances"
      }
    ],
    "actions": {},
    "iconUri": "https://boots.scene7.com/is/image/Boots/10266185?op_sharpen=1",
    "title": "JOY BY DIOR Eau de Parfum Intense 90ml",
    "referenceUri": "/joy-by-dior-eau-de-parfum-intense-90ml-10266185",
    "canAddToBasket": "yes",
    "opticians": false,
    "inStock": true,
    "expressDelivery": false,
    "hasOtherPromotion": true,
    "channelPromotionalTextMap": {
      "-1": [
        "Save up to 20 percent on selected fragrances"
      ],
      "-6": [
        "Save up to 20 percent on selected fragrances"
      ]
    },
    "adCardPoints": 348
  },
  {
    "_id": {
      "$oid": "65ec108d9884656b92f55884"
    },
    "ppuQuantity": "50ML",
    "pricing": {
      "perUnit": "£152.00 per 100ML",
      "regular": {
        "value": 76,
        "currency": "GBP",
        "text": "£76.00"
      },
      "current": {
        "value": 76,
        "currency": "GBP",
        "text": "£76.00"
      }
    },
    "objectId": "1124273",
    "brand": "Narciso Rodriguez",
    "attributes": {
      "fragrance_scent": [
        "woody",
        "floral",
        "citrus",
        "fruity",
        "musk",
        "amber"
      ],
      "gender": "womens",
      "size": "41-50",
      "StockOverrideMessage": "STOCK_COMING_SOON",
      "parentCategory_UK": "33071",
      "fragrance_type": "eau de toilette",
      "hasPriceAdvantageDeal": false,
      "Reporting_Category": "fragrance",
      "ProductReviewFlag": "1"
    },
    "variants": {
      "colours": [],
      "hasColours": false,
      "hasSizes": false
    },
    "categories": [
      [
        {
          "name": "fragrance",
          "label": "fragrance"
        },
        {
          "name": "gift",
          "label": "gift"
        }
      ],
      [
        {
          "name": "perfume",
          "label": "fragrance > perfume"
        },
        {
          "name": "gifts for her",
          "label": "gift > gifts for her"
        }
      ],
      [
        {
          "name": "all perfumes",
          "label": "fragrance > perfume > all perfumes"
        },
        {
          "name": "musky perfume",
          "label": "fragrance > perfume > musky perfume"
        },
        {
          "name": "floral perfume",
          "label": "fragrance > perfume > floral perfume"
        },
        {
          "name": "amber perfume",
          "label": "fragrance > perfume > amber perfume"
        },
        {
          "name": "all perfumes",
          "label": "gift > gifts for her > all perfumes"
        }
      ]
    ],
    "reviews": {
      "average": 4.52,
      "count": 29,
      "rounded": 4
    },
    "parent": {
      "product": "1124272",
      "partNumber": "10113355.P",
      "model": "10113355",
      "manufacturerModel": "2425661"
    },
    "images": {
      "thumbnail": "https://boots.scene7.com/is/image/Boots/10113355?wid=45&hei=60&op_sharpen=1"
    },
    "offers": [
      {
        "text": "Free Narciso Rodriguez mirror and case when you buy selected fragrance - online only, whilst stocks last"
      }
    ],
    "actions": {},
    "iconUri": "https://boots.scene7.com/is/image/Boots/10113355?op_sharpen=1",
    "title": "Narciso Rodriguez for her Eau de Toilette 50ml",
    "referenceUri": "/narciso-rodriguez-for-her-eau-de-toilette-50ml-10113355",
    "canAddToBasket": "yes",
    "opticians": false,
    "inStock": true,
    "expressDelivery": false,
    "hasOtherPromotion": true,
    "channelPromotionalTextMap": {
      "-1": [
        "Free Narciso Rodriguez mirror and case when you buy selected fragrance - online only, whilst stocks last"
      ],
      "-6": [
        "Free Narciso Rodriguez mirror and case when you buy selected fragrance - online only, whilst stocks last"
      ]
    },
    "adCardPoints": 228
  },
  {
    "_id": {
      "$oid": "65ec108d9884656b92f55885"
    },
    "ppuQuantity": "30ML",
    "pricing": {
      "perUnit": "£165.33 per 100ML",
      "regular": {
        "value": 62,
        "currency": "GBP",
        "text": "£62.00"
      },
      "current": {
        "value": 49.6,
        "currency": "GBP",
        "text": "£49.60"
      },
      "saving": {
        "value": 12.4,
        "currency": "GBP",
        "text": "£12.40"
      }
    },
    "objectId": "1857938",
    "brand": "Hugo Boss",
    "attributes": {
      "fragrance_scent": [
        "floral",
        "amber"
      ],
      "StockOverrideMessage": "SOLD_OUT",
      "gender": "womens",
      "size": "21-30",
      "parentCategory_UK": "33071",
      "fragrance_type": "eau de parfum",
      "hasPriceAdvantageDeal": false,
      "Reporting_Category": "fragrance",
      "ProductReviewFlag": "1"
    },
    "variants": {
      "colours": [],
      "hasColours": false,
      "hasSizes": false
    },
    "categories": [
      [
        {
          "name": "fragrance",
          "label": "fragrance"
        },
        {
          "name": "gift",
          "label": "gift"
        }
      ],
      [
        {
          "name": "perfume",
          "label": "fragrance > perfume"
        },
        {
          "name": "fragrance offers",
          "label": "fragrance > fragrance offers"
        },
        {
          "name": "gifts for her",
          "label": "gift > gifts for her"
        }
      ],
      [
        {
          "name": "all perfumes",
          "label": "fragrance > perfume > all perfumes"
        },
        {
          "name": "floral perfume",
          "label": "fragrance > perfume > floral perfume"
        },
        {
          "name": "amber perfume",
          "label": "fragrance > perfume > amber perfume"
        },
        {
          "name": "Save 15% on 100s of fragrances",
          "label": "fragrance > fragrance offers > Save 15% on 100s of fragrances"
        },
        {
          "name": "all perfumes",
          "label": "gift > gifts for her > all perfumes"
        }
      ]
    ],
    "reviews": {
      "average": 4.49,
      "count": 244,
      "rounded": 4
    },
    "parent": {
      "product": "1857937",
      "partNumber": "10217016.P",
      "model": "10217016",
      "manufacturerModel": "6646298"
    },
    "images": {
      "thumbnail": "https://boots.scene7.com/is/image/Boots/10217016?wid=45&hei=60&op_sharpen=1"
    },
    "offers": [
      {
        "text": "Save up to 20 percent on selected fragrances"
      }
    ],
    "actions": {},
    "iconUri": "https://boots.scene7.com/is/image/Boots/10217016?op_sharpen=1",
    "title": "BOSS The Scent For Her Eau de Parfum 30ml",
    "referenceUri": "/hugo-boss-boss-the-scent-for-her-eau-de-parfum-30ml-10217016",
    "canAddToBasket": "yes",
    "opticians": false,
    "inStock": true,
    "expressDelivery": false,
    "hasOtherPromotion": true,
    "channelPromotionalTextMap": {
      "-1": [
        "Save up to 20 percent on selected fragrances"
      ],
      "-6": [
        "Save up to 20 percent on selected fragrances"
      ]
    },
    "adCardPoints": 147
  },
  {
    "_id": {
      "$oid": "65ec108d9884656b92f55886"
    },
    "ppuQuantity": "100ML",
    "pricing": {
      "perUnit": "£49.99 per 100ML",
      "regular": {
        "value": 75,
        "currency": "GBP",
        "text": "£75.00"
      },
      "current": {
        "value": 49.99,
        "currency": "GBP",
        "text": "£49.99"
      },
      "saving": {
        "value": 25.01,
        "currency": "GBP",
        "text": "£25.01"
      }
    },
    "objectId": "2871625",
    "brand": "Juicy Couture",
    "attributes": {
      "fragrance_scent": [
        "sweet",
        "fruity",
        "amber",
        "vanilla",
        "jasmine"
      ],
      "product_type": "body spray",
      "size": "71-100",
      "gender": "womens",
      "StockOverrideMessage": "STOCK_COMING_SOON",
      "fragrance_type": "eau de parfum",
      "format": "spray",
      "hasPriceAdvantageDeal": false,
      "ProductReviewFlag": "1"
    },
    "variants": {
      "colours": [],
      "hasColours": false,
      "hasSizes": false
    },
    "categories": [
      [
        {
          "name": "fragrance",
          "label": "fragrance"
        },
        {
          "name": "gift",
          "label": "gift"
        },
        {
          "name": "new in",
          "label": "new in"
        }
      ],
      [
        {
          "name": "perfume",
          "label": "fragrance > perfume"
        },
        {
          "name": "fragrance offers",
          "label": "fragrance > fragrance offers"
        },
        {
          "name": "gifts for her",
          "label": "gift > gifts for her"
        },
        {
          "name": "new in fragrance",
          "label": "fragrance > new in fragrance"
        },
        {
          "name": "brands",
          "label": "fragrance > brands"
        },
        {
          "name": "new in fragrance",
          "label": "new in > new in fragrance"
        }
      ],
      [
        {
          "name": "all perfumes",
          "label": "fragrance > perfume > all perfumes"
        },
        {
          "name": "vanilla perfume",
          "label": "fragrance > perfume > vanilla perfume"
        },
        {
          "name": "amber perfume",
          "label": "fragrance > perfume > amber perfume"
        },
        {
          "name": "save up to half price",
          "label": "fragrance > fragrance offers > save up to half price"
        },
        {
          "name": "all perfumes",
          "label": "gift > gifts for her > all perfumes"
        }
      ]
    ],
    "reviews": {
      "average": 4.47,
      "count": 379,
      "rounded": 4
    },
    "parent": {
      "product": "2871624",
      "partNumber": "10333303.P",
      "model": "10333303",
      "manufacturerModel": "5767164"
    },
    "images": {
      "thumbnail": "https://boots.scene7.com/is/image/Boots/10333303?wid=45&hei=60&op_sharpen=1"
    },
    "offers": [
      {
        "text": "Save up to 1/2 price on selected fragrances"
      }
    ],
    "actions": {},
    "iconUri": "https://boots.scene7.com/is/image/Boots/10333303?op_sharpen=1",
    "title": "Juicy Couture Viva La Juicy Sucre Eau de Parfum 100ml",
    "referenceUri": "/juicy-couture-viva-la-juicy-sucre-eau-de-parfum-100ml-10333303",
    "canAddToBasket": "yes",
    "opticians": false,
    "inStock": true,
    "expressDelivery": false,
    "hasOtherPromotion": true,
    "channelPromotionalTextMap": {
      "-1": [
        "Save up to 1/2 price on selected fragrances"
      ],
      "-6": [
        "Save up to 1/2 price on selected fragrances"
      ]
    },
    "adCardPoints": 147
  },
  {
    "_id": {
      "$oid": "65ec108d9884656b92f55887"
    },
    "ppuQuantity": "100ML",
    "pricing": {
      "perUnit": "£110.50 per 100ML",
      "regular": {
        "value": 130,
        "currency": "GBP",
        "text": "£130.00"
      },
      "current": {
        "value": 110.5,
        "currency": "GBP",
        "text": "£110.50"
      },
      "saving": {
        "value": 19.5,
        "currency": "GBP",
        "text": "£19.50"
      }
    },
    "objectId": "1104469",
    "brand": "Giorgio Armani",
    "attributes": {
      "fragrance_scent": [
        "aquatic",
        "citrus",
        "woody",
        "jasmine",
        "floral"
      ],
      "StockOverrideMessage": "STOCK_COMING_SOON",
      "gender": "womens",
      "Size": "100ml",
      "parentCategory_UK": "33071",
      "fragrance_type": "eau de parfum",
      "hasPriceAdvantageDeal": false,
      "Reporting_Category": "fragrance",
      "ProductReviewFlag": "1"
    },
    "variants": {
      "colours": [],
      "hasColours": false,
      "hasSizes": false
    },
    "categories": [
      [
        {
          "name": "fragrance",
          "label": "fragrance"
        },
        {
          "name": "gift",
          "label": "gift"
        }
      ],
      [
        {
          "name": "perfume",
          "label": "fragrance > perfume"
        },
        {
          "name": "fragrance offers",
          "label": "fragrance > fragrance offers"
        },
        {
          "name": "gifts for her",
          "label": "gift > gifts for her"
        }
      ],
      [
        {
          "name": "all perfumes",
          "label": "fragrance > perfume > all perfumes"
        },
        {
          "name": "floral perfume",
          "label": "fragrance > perfume > floral perfume"
        },
        {
          "name": "Save 15% on 100s of fragrances",
          "label": "fragrance > fragrance offers > Save 15% on 100s of fragrances"
        },
        {
          "name": "all perfumes",
          "label": "gift > gifts for her > all perfumes"
        }
      ]
    ],
    "reviews": {
      "average": 4.42,
      "count": 518,
      "rounded": 4
    },
    "parent": {
      "product": "1104468",
      "partNumber": "10105045.P",
      "model": "10105045",
      "manufacturerModel": "7616937"
    },
    "images": {
      "thumbnail": "https://boots.scene7.com/is/image/Boots/10105045?wid=45&hei=60&op_sharpen=1"
    },
    "offers": [
      {
        "text": "Save up to 20 percent on selected fragrances"
      }
    ],
    "actions": {},
    "iconUri": "https://boots.scene7.com/is/image/Boots/10105045?op_sharpen=1",
    "title": "Giorgio Armani Acqua di Gioia Eau de Parfum 100ml",
    "referenceUri": "/giorgio-armani-acqua-di-gioia-eau-de-parfum-100ml-10105045",
    "canAddToBasket": "yes",
    "opticians": false,
    "inStock": true,
    "expressDelivery": false,
    "hasOtherPromotion": true,
    "channelPromotionalTextMap": {
      "-1": [
        "Save up to 20 percent on selected fragrances"
      ],
      "-6": [
        "Save up to 20 percent on selected fragrances"
      ]
    },
    "adCardPoints": 330
  },
  {
    "_id": {
      "$oid": "65ec108d9884656b92f55888"
    },
    "ppuQuantity": "150ML",
    "pricing": {
      "perUnit": "£95.77 per 100ML",
      "regular": {
        "value": 169,
        "currency": "GBP",
        "text": "£169.00"
      },
      "current": {
        "value": 143.65,
        "currency": "GBP",
        "text": "£143.65"
      },
      "saving": {
        "value": 25.35,
        "currency": "GBP",
        "text": "£25.35"
      }
    },
    "objectId": "1661662",
    "brand": "Christian Dior",
    "attributes": {
      "fragrance_scent": [
        "floral",
        "sweet",
        "fruity"
      ],
      "size": "101-150",
      "StockOverrideMessage": "STOCK_COMING_SOON",
      "gender": "womens",
      "parentCategory_UK": "33071",
      "fragrance_type": "eau de parfum",
      "hasPriceAdvantageDeal": false,
      "Reporting_Category": "fragrance",
      "ProductReviewFlag": "1"
    },
    "variants": {
      "colours": [],
      "hasColours": false,
      "hasSizes": false
    },
    "categories": [
      [
        {
          "name": "fragrance",
          "label": "fragrance"
        },
        {
          "name": "gift",
          "label": "gift"
        }
      ],
      [
        {
          "name": "perfume",
          "label": "fragrance > perfume"
        },
        {
          "name": "fragrance offers",
          "label": "fragrance > fragrance offers"
        },
        {
          "name": "gifts for her",
          "label": "gift > gifts for her"
        }
      ],
      [
        {
          "name": "all perfumes",
          "label": "fragrance > perfume > all perfumes"
        },
        {
          "name": "floral perfume",
          "label": "fragrance > perfume > floral perfume"
        },
        {
          "name": "Save 15% on 100s of fragrances",
          "label": "fragrance > fragrance offers > Save 15% on 100s of fragrances"
        },
        {
          "name": "all perfumes",
          "label": "gift > gifts for her > all perfumes"
        }
      ]
    ],
    "reviews": {
      "average": 4.41,
      "count": 815,
      "rounded": 4
    },
    "parent": {
      "product": "1661661",
      "partNumber": "10192292.P",
      "model": "10192292",
      "manufacturerModel": "6223346"
    },
    "images": {
      "thumbnail": "https://boots.scene7.com/is/image/Boots/10192292?wid=45&hei=60&op_sharpen=1"
    },
    "offers": [
      {
        "text": "Save up to 20 percent on selected fragrances"
      }
    ],
    "actions": {},
    "iconUri": "https://boots.scene7.com/is/image/Boots/10192292?op_sharpen=1",
    "title": "DIOR J'adore Eau de Parfum Spray 150ml",
    "referenceUri": "/dior-jadore-eau-de-parfum-spray-150ml-10192292",
    "canAddToBasket": "yes",
    "opticians": false,
    "inStock": true,
    "expressDelivery": false,
    "hasOtherPromotion": true,
    "channelPromotionalTextMap": {
      "-1": [
        "Save up to 20 percent on selected fragrances"
      ],
      "-6": [
        "Save up to 20 percent on selected fragrances"
      ]
    },
    "adCardPoints": 429
  },
  {
    "_id": {
      "$oid": "65ec108d9884656b92f55889"
    },
    "ppuQuantity": "50ML",
    "pricing": {
      "perUnit": "£156.40 per 100ML",
      "regular": {
        "value": 92,
        "currency": "GBP",
        "text": "£92.00"
      },
      "current": {
        "value": 78.2,
        "currency": "GBP",
        "text": "£78.20"
      },
      "saving": {
        "value": 13.8,
        "currency": "GBP",
        "text": "£13.80"
      }
    },
    "objectId": "2873656",
    "brand": "Dolce & Gabbana",
    "attributes": {
      "fragrance_scent": [
        "citrus",
        "sweet"
      ],
      "product_type": "body spray",
      "StockOverrideMessage": "STOCK_COMING_SOON",
      "gender": "womens",
      "size": "41-50",
      "format": "spray",
      "fragrance_type": "eau de parfum",
      "hasPriceAdvantageDeal": false,
      "ProductReviewFlag": "1"
    },
    "variants": {
      "colours": [],
      "hasColours": false,
      "hasSizes": false
    },
    "categories": [
      [
        {
          "name": "new in",
          "label": "new in"
        },
        {
          "name": "fragrance",
          "label": "fragrance"
        },
        {
          "name": "gift",
          "label": "gift"
        }
      ],
      [
        {
          "name": "new in fragrance",
          "label": "new in > new in fragrance"
        },
        {
          "name": "perfume",
          "label": "fragrance > perfume"
        },
        {
          "name": "gifts for her",
          "label": "gift > gifts for her"
        },
        {
          "name": "new in fragrance",
          "label": "fragrance > new in fragrance"
        }
      ],
      [
        {
          "name": "all perfumes",
          "label": "fragrance > perfume > all perfumes"
        },
        {
          "name": "all perfumes",
          "label": "gift > gifts for her > all perfumes"
        }
      ]
    ],
    "reviews": {
      "average": 4.38,
      "count": 258,
      "rounded": 4
    },
    "parent": {
      "product": "2873655",
      "partNumber": "10333461.P",
      "model": "10333461",
      "manufacturerModel": "5773245"
    },
    "images": {
      "thumbnail": "https://boots.scene7.com/is/image/Boots/10333461?wid=45&hei=60&op_sharpen=1"
    },
    "offers": [
      {
        "text": "Save up to 20 percent on selected fragrances"
      }
    ],
    "actions": {},
    "iconUri": "https://boots.scene7.com/is/image/Boots/10333461?op_sharpen=1",
    "title": "Dolce&Gabbana Devotion Eau de Parfum 50ml",
    "referenceUri": "/dolceandgabbana-devotion-eau-de-parfum-50ml-10333461",
    "canAddToBasket": "yes",
    "opticians": false,
    "inStock": true,
    "expressDelivery": false,
    "hasOtherPromotion": true,
    "channelPromotionalTextMap": {
      "-1": [
        "Save up to 20 percent on selected fragrances"
      ],
      "-6": [
        "Save up to 20 percent on selected fragrances"
      ]
    },
    "adCardPoints": 234
  },
  {
    "_id": {
      "$oid": "65ec108d9884656b92f5588a"
    },
    "ppuQuantity": "50ML",
    "pricing": {
      "perUnit": "£120.00 per 100ML",
      "regular": {
        "value": 75,
        "currency": "GBP",
        "text": "£75.00"
      },
      "current": {
        "value": 60,
        "currency": "GBP",
        "text": "£60.00"
      },
      "saving": {
        "value": 15,
        "currency": "GBP",
        "text": "£15.00"
      }
    },
    "objectId": "2711665",
    "brand": "Burberry",
    "attributes": {
      "fragrance_scent": [
        "musk",
        "floral"
      ],
      "gender": "womens",
      "size": "41-50",
      "StockOverrideMessage": "STOCK_COMING_SOON",
      "fragrance_type": "eau de toilette",
      "hasPriceAdvantageDeal": false,
      "ProductReviewFlag": "1"
    },
    "variants": {
      "colours": [],
      "hasColours": false,
      "hasSizes": false
    },
    "categories": [
      [
        {
          "name": "gift",
          "label": "gift"
        },
        {
          "name": "fragrance",
          "label": "fragrance"
        }
      ],
      [
        {
          "name": "gifts for her",
          "label": "gift > gifts for her"
        },
        {
          "name": "perfume",
          "label": "fragrance > perfume"
        }
      ],
      [
        {
          "name": "all perfumes",
          "label": "gift > gifts for her > all perfumes"
        },
        {
          "name": "all perfumes",
          "label": "fragrance > perfume > all perfumes"
        },
        {
          "name": "floral perfume",
          "label": "fragrance > perfume > floral perfume"
        }
      ]
    ],
    "reviews": {
      "average": 4.36,
      "count": 540,
      "rounded": 4
    },
    "parent": {
      "product": "2711664",
      "partNumber": "10316532.P",
      "model": "10316532",
      "manufacturerModel": "3849368"
    },
    "images": {
      "thumbnail": "https://boots.scene7.com/is/image/Boots/10316532?wid=45&hei=60&op_sharpen=1"
    },
    "offers": [
      {
        "text": "Save up to 20 percent on selected fragrances"
      }
    ],
    "actions": {},
    "iconUri": "https://boots.scene7.com/is/image/Boots/10316532?op_sharpen=1",
    "title": "Burberry Her Eau de Toilette 50ml",
    "referenceUri": "/burberry-her-eau-de-toilette-50ml-10316532",
    "canAddToBasket": "yes",
    "opticians": false,
    "inStock": true,
    "expressDelivery": false,
    "hasOtherPromotion": true,
    "channelPromotionalTextMap": {
      "-1": [
        "Save up to 20 percent on selected fragrances"
      ],
      "-6": [
        "Save up to 20 percent on selected fragrances"
      ]
    },
    "adCardPoints": 180
  },
  {
    "_id": {
      "$oid": "65ec108d9884656b92f5588b"
    },
    "ppuQuantity": "30ML",
    "pricing": {
      "perUnit": "£146.67 per 100ML",
      "regular": {
        "value": 55,
        "currency": "GBP",
        "text": "£55.00"
      },
      "current": {
        "value": 44,
        "currency": "GBP",
        "text": "£44.00"
      },
      "saving": {
        "value": 11,
        "currency": "GBP",
        "text": "£11.00"
      }
    },
    "objectId": "2711663",
    "brand": "Burberry",
    "attributes": {
      "fragrance_scent": [
        "musk",
        "floral"
      ],
      "size": "21-30",
      "gender": "womens",
      "StockOverrideMessage": "STOCK_COMING_SOON",
      "fragrance_type": "eau de toilette",
      "hasPriceAdvantageDeal": false,
      "ProductReviewFlag": "1"
    },
    "variants": {
      "colours": [],
      "hasColours": false,
      "hasSizes": false
    },
    "categories": [
      [
        {
          "name": "gift",
          "label": "gift"
        },
        {
          "name": "fragrance",
          "label": "fragrance"
        }
      ],
      [
        {
          "name": "gifts for her",
          "label": "gift > gifts for her"
        },
        {
          "name": "perfume",
          "label": "fragrance > perfume"
        }
      ],
      [
        {
          "name": "all perfumes",
          "label": "gift > gifts for her > all perfumes"
        },
        {
          "name": "all perfumes",
          "label": "fragrance > perfume > all perfumes"
        },
        {
          "name": "floral perfume",
          "label": "fragrance > perfume > floral perfume"
        }
      ]
    ],
    "reviews": {
      "average": 4.36,
      "count": 540,
      "rounded": 4
    },
    "parent": {
      "product": "2711662",
      "partNumber": "10316531.P",
      "model": "10316531",
      "manufacturerModel": "3848930"
    },
    "images": {
      "thumbnail": "https://boots.scene7.com/is/image/Boots/10316531?wid=45&hei=60&op_sharpen=1"
    },
    "offers": [
      {
        "text": "Save up to 20 percent on selected fragrances"
      }
    ],
    "actions": {},
    "iconUri": "https://boots.scene7.com/is/image/Boots/10316531?op_sharpen=1",
    "title": "Burberry Her Eau de Toilette 30ml",
    "referenceUri": "/burberry-her-eau-de-toilette-30ml-10316531p",
    "canAddToBasket": "yes",
    "opticians": false,
    "inStock": true,
    "expressDelivery": false,
    "hasOtherPromotion": true,
    "channelPromotionalTextMap": {
      "-1": [
        "Save up to 20 percent on selected fragrances"
      ],
      "-6": [
        "Save up to 20 percent on selected fragrances"
      ]
    },
    "adCardPoints": 132
  },
  {
    "_id": {
      "$oid": "65ec108d9884656b92f5588c"
    },
    "ppuQuantity": "50ML",
    "pricing": {
      "perUnit": "£90.00 per 100ML",
      "regular": {
        "value": 45,
        "currency": "GBP",
        "text": "£45.00"
      },
      "current": {
        "value": 45,
        "currency": "GBP",
        "text": "£45.00"
      }
    },
    "objectId": "2288474",
    "brand": "Elie Saab",
    "attributes": {
      "fragrance_scent": [
        "chypre",
        "floral",
        "amber"
      ],
      "StockOverrideMessage": "STOCK_COMING_SOON",
      "gender": "womens",
      "size": "41-50",
      "fragrance_type": "eau de parfum",
      "hasPriceAdvantageDeal": false,
      "ProductReviewFlag": "1"
    },
    "variants": {
      "colours": [],
      "hasColours": false,
      "hasSizes": false
    },
    "categories": [
      [
        {
          "name": "gift",
          "label": "gift"
        },
        {
          "name": "fragrance",
          "label": "fragrance"
        }
      ],
      [
        {
          "name": "gifts for her",
          "label": "gift > gifts for her"
        },
        {
          "name": "perfume",
          "label": "fragrance > perfume"
        }
      ],
      [
        {
          "name": "all perfumes",
          "label": "gift > gifts for her > all perfumes"
        },
        {
          "name": "all perfumes",
          "label": "fragrance > perfume > all perfumes"
        },
        {
          "name": "floral perfume",
          "label": "fragrance > perfume > floral perfume"
        },
        {
          "name": "amber perfume",
          "label": "fragrance > perfume > amber perfume"
        }
      ]
    ],
    "reviews": {
      "average": 3.94,
      "count": 101,
      "rounded": 3
    },
    "parent": {
      "product": "2288473",
      "partNumber": "10266194.P",
      "model": "10266194",
      "manufacturerModel": "8555044"
    },
    "images": {
      "thumbnail": "https://boots.scene7.com/is/image/Boots/10266194?wid=45&hei=60&op_sharpen=1"
    },
    "offers": [],
    "actions": {},
    "iconUri": "https://boots.scene7.com/is/image/Boots/10266194?op_sharpen=1",
    "title": "Elie Saab Le Parfum Royal Eau de Parfum 50ml",
    "referenceUri": "/elie-saab-le-parfum-royal-eau-de-parfum-10266194",
    "canAddToBasket": "yes",
    "opticians": false,
    "inStock": true,
    "expressDelivery": false,
    "hasOtherPromotion": false,
    "channelPromotionalTextMap": {
      "-1": [],
      "-6": []
    },
    "adCardPoints": 135
  },
  {
    "_id": {
      "$oid": "65ec108d9884656b92f5588d"
    },
    "ppuQuantity": "30ML",
    "pricing": {
      "perUnit": "£110.00 per 100ML",
      "regular": {
        "value": 33,
        "currency": "GBP",
        "text": "£33.00"
      },
      "current": {
        "value": 33,
        "currency": "GBP",
        "text": "£33.00"
      }
    },
    "objectId": "2308165",
    "brand": "Ariana Grande",
    "attributes": {
      "fragrance_scent": [
        "musk",
        "sweet",
        "floral"
      ],
      "StockOverrideMessage": "STOCK_COMING_SOON",
      "gender": "womens",
      "size": "21-30",
      "fragrance_type": [
        "eau de toilette",
        "eau de parfum"
      ],
      "hasPriceAdvantageDeal": false,
      "Reporting_Category": "fragrance",
      "ProductReviewFlag": "1"
    },
    "variants": {
      "colours": [],
      "hasColours": false,
      "hasSizes": false
    },
    "categories": [
      [
        {
          "name": "fragrance",
          "label": "fragrance"
        },
        {
          "name": "gift",
          "label": "gift"
        }
      ],
      [
        {
          "name": "celebrity fragrance",
          "label": "fragrance > celebrity fragrance"
        },
        {
          "name": "perfume",
          "label": "fragrance > perfume"
        },
        {
          "name": "gifts for her",
          "label": "gift > gifts for her"
        }
      ],
      [
        {
          "name": "all perfumes",
          "label": "fragrance > perfume > all perfumes"
        },
        {
          "name": "musky perfume",
          "label": "fragrance > perfume > musky perfume"
        },
        {
          "name": "floral perfume",
          "label": "fragrance > perfume > floral perfume"
        },
        {
          "name": "all perfumes",
          "label": "gift > gifts for her > all perfumes"
        }
      ]
    ],
    "reviews": {
      "average": 3.89,
      "count": 38,
      "rounded": 3
    },
    "parent": {
      "product": "2308164",
      "partNumber": "10268925.P",
      "model": "10268925",
      "manufacturerModel": "8618208"
    },
    "images": {
      "thumbnail": "https://boots.scene7.com/is/image/Boots/10268925?wid=45&hei=60&op_sharpen=1"
    },
    "offers": [],
    "actions": {},
    "iconUri": "https://boots.scene7.com/is/image/Boots/10268925?op_sharpen=1",
    "title": "Ariana Grande Thank U, Next Eau de Parfum 30ml",
    "referenceUri": "/ariana-grande-thank-u-next-eau-de-parfum-30ml-10268925",
    "canAddToBasket": "yes",
    "opticians": false,
    "inStock": true,
    "expressDelivery": false,
    "hasOtherPromotion": false,
    "channelPromotionalTextMap": {
      "-1": [],
      "-6": []
    },
    "adCardPoints": 99
  },
  {
    "_id": {
      "$oid": "65ec108d9884656b92f5588e"
    },
    "ppuQuantity": "100ML",
    "pricing": {
      "perUnit": "£112.00 per 100ML",
      "regular": {
        "value": 140,
        "currency": "GBP",
        "text": "£140.00"
      },
      "current": {
        "value": 112,
        "currency": "GBP",
        "text": "£112.00"
      },
      "saving": {
        "value": 28,
        "currency": "GBP",
        "text": "£28.00"
      }
    },
    "objectId": "2908591",
    "brand": "Estee Lauder",
    "attributes": {
      "fragrance_scent": "floral",
      "product_type": "perfume",
      "size": "71-100",
      "StockOverrideMessage": "STOCK_COMING_SOON",
      "fragrance_type": "eau de parfum",
      "hasPriceAdvantageDeal": false,
      "ProductReviewFlag": "1"
    },
    "variants": {
      "colours": [],
      "hasColours": false,
      "hasSizes": false
    },
    "categories": [
      [
        {
          "name": "new in",
          "label": "new in"
        },
        {
          "name": "beauty & skincare",
          "label": "beauty & skincare"
        },
        {
          "name": "fragrance",
          "label": "fragrance"
        },
        {
          "name": "gift",
          "label": "gift"
        },
        {
          "name": "wellness",
          "label": "wellness"
        }
      ],
      [
        {
          "name": "new in premium beauty & skincare",
          "label": "new in > new in premium beauty & skincare"
        },
        {
          "name": "premium beauty & skincare",
          "label": "beauty & skincare > premium beauty & skincare"
        },
        {
          "name": "perfume",
          "label": "fragrance > perfume"
        },
        {
          "name": "gifts for her",
          "label": "gift > gifts for her"
        },
        {
          "name": "sustainability at Boots",
          "label": "wellness > sustainability at Boots"
        },
        {
          "name": "new in fragrance",
          "label": "fragrance > new in fragrance"
        },
        {
          "name": "brands",
          "label": "fragrance > brands"
        },
        {
          "name": "new in fragrance",
          "label": "new in > new in fragrance"
        }
      ],
      [
        {
          "name": "new in premium beauty & skincare",
          "label": "beauty & skincare > premium beauty & skincare > new in premium beauty & skincare"
        },
        {
          "name": "all perfumes",
          "label": "fragrance > perfume > all perfumes"
        },
        {
          "name": "floral perfume",
          "label": "fragrance > perfume > floral perfume"
        },
        {
          "name": "perfume refill bottles",
          "label": "fragrance > perfume > perfume refill bottles"
        },
        {
          "name": "all perfumes",
          "label": "gift > gifts for her > all perfumes"
        },
        {
          "name": "reuse ready",
          "label": "wellness > sustainability at Boots > reuse ready"
        }
      ]
    ],
    "reviews": {
      "average": null,
      "count": null,
      "rounded": null
    },
    "parent": {
      "product": "2908590",
      "partNumber": "10337648.P",
      "model": "10337648",
      "manufacturerModel": "1554298"
    },
    "images": {
      "thumbnail": "https://boots.scene7.com/is/image/Boots/10337648?wid=45&hei=60&op_sharpen=1"
    },
    "offers": [
      {
        "text": "Save up to 25 percent across selected Premium Beauty"
      }
    ],
    "actions": {},
    "iconUri": "https://boots.scene7.com/is/image/Boots/10337648?op_sharpen=1",
    "title": "Estée Lauder Refillable Desert Eden Eau de Parfum 100ml",
    "referenceUri": "/est%C3%A9e-lauder-refillable-desert-eden-eau-de-parfum-100ml-10337648",
    "canAddToBasket": "yes",
    "opticians": false,
    "inStock": true,
    "expressDelivery": false,
    "hasOtherPromotion": true,
    "channelPromotionalTextMap": {
      "-1": [
        "Save up to 25 percent across selected Premium Beauty"
      ],
      "-6": [
        "Save up to 25 percent across selected Premium Beauty"
      ]
    },
    "adCardPoints": 336
  },
  {
    "_id": {
      "$oid": "65ec108d9884656b92f5588f"
    },
    "ppuQuantity": "50ML",
    "pricing": {
      "perUnit": "£74.00 per 100ML",
      "regular": {
        "value": 62,
        "currency": "GBP",
        "text": "£62.00"
      },
      "current": {
        "value": 37,
        "currency": "GBP",
        "text": "£37.00"
      },
      "saving": {
        "value": 25,
        "currency": "GBP",
        "text": "£25.00"
      }
    },
    "objectId": "2824653",
    "brand": "DKNY",
    "attributes": {
      "fragrance_type": "eau de parfum",
      "hasPriceAdvantageDeal": false,
      "size": "41-50",
      "StockOverrideMessage": "STOCK_COMING_SOON",
      "ProductReviewFlag": "1"
    },
    "variants": {
      "colours": [],
      "hasColours": false,
      "hasSizes": false
    },
    "categories": [
      [
        {
          "name": "new in",
          "label": "new in"
        },
        {
          "name": "fragrance",
          "label": "fragrance"
        },
        {
          "name": "gift",
          "label": "gift"
        }
      ],
      [
        {
          "name": "perfume",
          "label": "fragrance > perfume"
        },
        {
          "name": "fragrance offers",
          "label": "fragrance > fragrance offers"
        },
        {
          "name": "gifts for her",
          "label": "gift > gifts for her"
        },
        {
          "name": "luxury fragrance",
          "label": "fragrance > luxury fragrance"
        },
        {
          "name": "new in fragrance",
          "label": "fragrance > new in fragrance"
        },
        {
          "name": "new in fragrance",
          "label": "new in > new in fragrance"
        },
        {
          "name": "new brands",
          "label": "new in > new brands"
        }
      ],
      [
        {
          "name": "all perfumes",
          "label": "fragrance > perfume > all perfumes"
        },
        {
          "name": "musky perfume",
          "label": "fragrance > perfume > musky perfume"
        },
        {
          "name": "floral perfume",
          "label": "fragrance > perfume > floral perfume"
        },
        {
          "name": "everyday low prices",
          "label": "fragrance > fragrance offers > everyday low prices"
        },
        {
          "name": "all perfumes",
          "label": "gift > gifts for her > all perfumes"
        }
      ]
    ],
    "reviews": {
      "average": null,
      "count": null,
      "rounded": null
    },
    "parent": {
      "product": "2824652",
      "partNumber": "10327129.P",
      "model": "10327129",
      "manufacturerModel": "5464218"
    },
    "images": {
      "thumbnail": "https://boots.scene7.com/is/image/Boots/10327129?wid=45&hei=60&op_sharpen=1"
    },
    "offers": [
      {
        "text": "Save up to 1/2 price on selected fragrances"
      }
    ],
    "actions": {},
    "iconUri": "https://boots.scene7.com/is/image/Boots/10327129?op_sharpen=1",
    "title": "DKNY Golden Delicious Eau de Parfum 50ml",
    "referenceUri": "/dkny-golden-delicious-eau-de-parfum-50ml-10327129",
    "canAddToBasket": "yes",
    "opticians": false,
    "inStock": true,
    "expressDelivery": false,
    "hasOtherPromotion": true,
    "channelPromotionalTextMap": {
      "-1": [
        "Save up to 1/2 price on selected fragrances"
      ],
      "-6": [
        "Save up to 1/2 price on selected fragrances"
      ]
    },
    "adCardPoints": 111
  },
  {
    "_id": {
      "$oid": "65ec108d9884656b92f55890"
    },
    "ppuQuantity": "50ML",
    "pricing": {
      "perUnit": "£139.40 per 100ML",
      "regular": {
        "value": 82,
        "currency": "GBP",
        "text": "£82.00"
      },
      "current": {
        "value": 69.7,
        "currency": "GBP",
        "text": "£69.70"
      },
      "saving": {
        "value": 12.3,
        "currency": "GBP",
        "text": "£12.30"
      }
    },
    "objectId": "1943934",
    "brand": "Christian Dior",
    "attributes": {
      "fragrance_scent": [
        "amber",
        "floral"
      ],
      "gender": "womens",
      "StockOverrideMessage": "STOCK_COMING_SOON",
      "size": "41-50",
      "parentCategory_UK": "33071",
      "fragrance_type": "eau de toilette",
      "hasPriceAdvantageDeal": false,
      "Reporting_Category": "fragrance",
      "ProductReviewFlag": "1"
    },
    "variants": {
      "colours": [],
      "hasColours": false,
      "hasSizes": false
    },
    "categories": [
      [
        {
          "name": "fragrance",
          "label": "fragrance"
        },
        {
          "name": "gift",
          "label": "gift"
        }
      ],
      [
        {
          "name": "5* rated perfumes & aftershaves",
          "label": "fragrance > 5* rated perfumes & aftershaves"
        },
        {
          "name": "perfume",
          "label": "fragrance > perfume"
        },
        {
          "name": "fragrance offers",
          "label": "fragrance > fragrance offers"
        },
        {
          "name": "gifts for her",
          "label": "gift > gifts for her"
        }
      ],
      [
        {
          "name": "all perfumes",
          "label": "fragrance > perfume > all perfumes"
        },
        {
          "name": "floral perfume",
          "label": "fragrance > perfume > floral perfume"
        },
        {
          "name": "amber perfume",
          "label": "fragrance > perfume > amber perfume"
        },
        {
          "name": "Save 15% on 100s of fragrances",
          "label": "fragrance > fragrance offers > Save 15% on 100s of fragrances"
        },
        {
          "name": "all perfumes",
          "label": "gift > gifts for her > all perfumes"
        }
      ]
    ],
    "reviews": {
      "average": 5,
      "count": 8,
      "rounded": 5
    },
    "parent": {
      "product": "1943933",
      "partNumber": "10226502.P",
      "model": "10226502",
      "manufacturerModel": "6867936"
    },
    "images": {
      "thumbnail": "https://boots.scene7.com/is/image/Boots/10226502?wid=45&hei=60&op_sharpen=1"
    },
    "offers": [
      {
        "text": "Save up to 20 percent on selected fragrances"
      }
    ],
    "actions": {},
    "iconUri": "https://boots.scene7.com/is/image/Boots/10226502?op_sharpen=1",
    "title": "DIOR Poison Girl Eau de Toilette 50ml",
    "referenceUri": "/dior-poison-girl-eau-de-toilette-50ml-10226502",
    "canAddToBasket": "yes",
    "opticians": false,
    "inStock": true,
    "expressDelivery": false,
    "hasOtherPromotion": true,
    "channelPromotionalTextMap": {
      "-1": [
        "Save up to 20 percent on selected fragrances"
      ],
      "-6": [
        "Save up to 20 percent on selected fragrances"
      ]
    },
    "adCardPoints": 207
  },
  {
    "_id": {
      "$oid": "65ec108d9884656b92f55891"
    },
    "ppuQuantity": "40ML",
    "pricing": {
      "perUnit": "£107.50 per 100ML",
      "regular": {
        "value": 43,
        "currency": "GBP",
        "text": "£43.00"
      },
      "current": {
        "value": 43,
        "currency": "GBP",
        "text": "£43.00"
      }
    },
    "objectId": "1656148",
    "brand": "Jimmy Choo",
    "attributes": {
      "fragrance_scent": [
        "floral",
        "musk",
        "fruity"
      ],
      "gender": "womens",
      "size": "31-40",
      "StockOverrideMessage": "STOCK_COMING_SOON",
      "parentCategory_UK": "33071",
      "fragrance_type": "eau de parfum",
      "hasPriceAdvantageDeal": false,
      "Reporting_Category": "fragrance",
      "ProductReviewFlag": "1"
    },
    "variants": {
      "colours": [],
      "hasColours": false,
      "hasSizes": false
    },
    "categories": [
      [
        {
          "name": "fragrance",
          "label": "fragrance"
        },
        {
          "name": "gift",
          "label": "gift"
        }
      ],
      [
        {
          "name": "recommended",
          "label": "fragrance > recommended"
        },
        {
          "name": "perfume",
          "label": "fragrance > perfume"
        },
        {
          "name": "gifts for her",
          "label": "gift > gifts for her"
        }
      ],
      [
        {
          "name": "all perfumes",
          "label": "fragrance > perfume > all perfumes"
        },
        {
          "name": "musky perfume",
          "label": "fragrance > perfume > musky perfume"
        },
        {
          "name": "floral perfume",
          "label": "fragrance > perfume > floral perfume"
        },
        {
          "name": "best summer fragrances",
          "label": "fragrance > recommended > best summer fragrances"
        },
        {
          "name": "all perfumes",
          "label": "gift > gifts for her > all perfumes"
        }
      ]
    ],
    "reviews": {
      "average": 5,
      "count": 4,
      "rounded": 5
    },
    "parent": {
      "product": "1656147",
      "partNumber": "10190892.P",
      "model": "10190892",
      "manufacturerModel": "6177786"
    },
    "images": {
      "thumbnail": "https://boots.scene7.com/is/image/Boots/10190892?wid=45&hei=60&op_sharpen=1"
    },
    "offers": [],
    "actions": {},
    "iconUri": "https://boots.scene7.com/is/image/Boots/10190892?op_sharpen=1",
    "title": "Jimmy Choo Blossom Eau de Parfum 40ml",
    "referenceUri": "/jimmy-choo-blossom-eau-de-parfum-40ml-10190892",
    "canAddToBasket": "yes",
    "opticians": false,
    "inStock": true,
    "expressDelivery": false,
    "hasOtherPromotion": false,
    "channelPromotionalTextMap": {
      "-1": [],
      "-6": []
    },
    "adCardPoints": 129
  },
  {
    "_id": {
      "$oid": "65ec108d9884656b92f55892"
    },
    "ppuQuantity": "50ML",
    "pricing": {
      "perUnit": "£83.20 per 100ML",
      "regular": {
        "value": 52,
        "currency": "GBP",
        "text": "£52.00"
      },
      "current": {
        "value": 41.6,
        "currency": "GBP",
        "text": "£41.60"
      },
      "saving": {
        "value": 10.4,
        "currency": "GBP",
        "text": "£10.40"
      }
    },
    "objectId": "3857",
    "brand": "Hugo Boss",
    "attributes": {
      "fragrance_scent": [
        "citrus",
        "amber"
      ],
      "size": "41-50",
      "StockOverrideMessage": "STOCK_COMING_SOON",
      "gender": "womens",
      "parentCategory_UK": "33071",
      "fragrance_type": "eau de parfum",
      "hasPriceAdvantageDeal": false,
      "Reporting_Category": "fragrance",
      "ProductReviewFlag": "1"
    },
    "variants": {
      "colours": [],
      "hasColours": false,
      "hasSizes": false
    },
    "categories": [
      [
        {
          "name": "fragrance",
          "label": "fragrance"
        },
        {
          "name": "gift",
          "label": "gift"
        }
      ],
      [
        {
          "name": "5* rated perfumes & aftershaves",
          "label": "fragrance > 5* rated perfumes & aftershaves"
        },
        {
          "name": "perfume",
          "label": "fragrance > perfume"
        },
        {
          "name": "fragrance offers",
          "label": "fragrance > fragrance offers"
        },
        {
          "name": "gifts for her",
          "label": "gift > gifts for her"
        }
      ],
      [
        {
          "name": "all perfumes",
          "label": "fragrance > perfume > all perfumes"
        },
        {
          "name": "amber perfume",
          "label": "fragrance > perfume > amber perfume"
        },
        {
          "name": "save up to 60 percent",
          "label": "fragrance > fragrance offers > save up to 60 percent"
        },
        {
          "name": "Save 15% on 100s of fragrances",
          "label": "fragrance > fragrance offers > Save 15% on 100s of fragrances"
        },
        {
          "name": "all perfumes",
          "label": "gift > gifts for her > all perfumes"
        }
      ]
    ],
    "reviews": {
      "average": 4.83,
      "count": 88,
      "rounded": 4
    },
    "parent": {
      "product": "3856",
      "partNumber": "10013382.P",
      "model": "10013382",
      "manufacturerModel": "2088533"
    },
    "images": {
      "thumbnail": "https://boots.scene7.com/is/image/Boots/10013382?wid=45&hei=60&op_sharpen=1"
    },
    "offers": [
      {
        "text": "Save up to 20 percent on selected fragrances"
      }
    ],
    "actions": {},
    "iconUri": "https://boots.scene7.com/is/image/Boots/10013382?op_sharpen=1",
    "title": "HUGO Deep Red for Her Eau de Parfum 50ml",
    "referenceUri": "/hugo-deep-red-eau-de-parfum-50ml-10013382",
    "canAddToBasket": "yes",
    "opticians": false,
    "inStock": true,
    "expressDelivery": false,
    "hasOtherPromotion": true,
    "channelPromotionalTextMap": {
      "-1": [
        "Save up to 20 percent on selected fragrances"
      ],
      "-6": [
        "Save up to 20 percent on selected fragrances"
      ]
    },
    "adCardPoints": 123
  },
  {
    "_id": {
      "$oid": "65ec108d9884656b92f55893"
    },
    "ppuQuantity": "50ML",
    "pricing": {
      "perUnit": "£88.00 per 100ML",
      "regular": {
        "value": 44,
        "currency": "GBP",
        "text": "£44.00"
      },
      "current": {
        "value": 44,
        "currency": "GBP",
        "text": "£44.00"
      }
    },
    "objectId": "2399439",
    "brand": "Ghost",
    "attributes": {
      "fragrance_scent": "floral",
      "StockOverrideMessage": "STOCK_COMING_SOON",
      "size": "41-50",
      "gender": "womens",
      "recipient": "gifts for women",
      "fragrance_type": "eau de parfum",
      "hasPriceAdvantageDeal": false,
      "Reporting_Category": "fragrance",
      "gift_type": "fragrance gifts",
      "ProductReviewFlag": "1"
    },
    "variants": {
      "colours": [],
      "hasColours": false,
      "hasSizes": false
    },
    "categories": [
      [
        {
          "name": "fragrance",
          "label": "fragrance"
        },
        {
          "name": "gift",
          "label": "gift"
        },
        {
          "name": "wellness",
          "label": "wellness"
        },
        {
          "name": "vegan",
          "label": "vegan"
        }
      ],
      [
        {
          "name": "perfume",
          "label": "fragrance > perfume"
        },
        {
          "name": "gifts for her",
          "label": "gift > gifts for her"
        },
        {
          "name": "vegan",
          "label": "wellness > vegan"
        },
        {
          "name": "5* rated perfumes & aftershaves",
          "label": "fragrance > 5* rated perfumes & aftershaves"
        },
        {
          "name": "vegan fragrance",
          "label": "fragrance > vegan fragrance"
        },
        {
          "name": "Eid gifts",
          "label": "gift > Eid gifts"
        },
        {
          "name": "vegan fragrance",
          "label": "vegan > vegan fragrance"
        }
      ],
      [
        {
          "name": "all perfumes",
          "label": "fragrance > perfume > all perfumes"
        },
        {
          "name": "floral perfume",
          "label": "fragrance > perfume > floral perfume"
        },
        {
          "name": "all perfumes",
          "label": "gift > gifts for her > all perfumes"
        },
        {
          "name": "vegan fragrance",
          "label": "wellness > vegan > vegan fragrance"
        }
      ]
    ],
    "reviews": {
      "average": 4.79,
      "count": 140,
      "rounded": 4
    },
    "parent": {
      "product": "2399438",
      "partNumber": "10280150.P",
      "model": "10280150",
      "manufacturerModel": "8866619"
    },
    "images": {
      "thumbnail": "https://boots.scene7.com/is/image/Boots/10280150?wid=45&hei=60&op_sharpen=1"
    },
    "offers": [],
    "actions": {},
    "iconUri": "https://boots.scene7.com/is/image/Boots/10280150?op_sharpen=1",
    "title": "GHOST Orb of Night Eau De Parfum 50ml",
    "referenceUri": "/ghost-orb-of-night-eau-de-parfum--50ml-10280150",
    "canAddToBasket": "yes",
    "opticians": false,
    "inStock": true,
    "expressDelivery": false,
    "hasOtherPromotion": false,
    "channelPromotionalTextMap": {
      "-1": [],
      "-6": []
    },
    "adCardPoints": 132
  },
  {
    "_id": {
      "$oid": "65ec108d9884656b92f55894"
    },
    "ppuQuantity": "100ML",
    "pricing": {
      "perUnit": "£114.00 per 100ML",
      "regular": {
        "value": 114,
        "currency": "GBP",
        "text": "£114.00"
      },
      "current": {
        "value": 114,
        "currency": "GBP",
        "text": "£114.00"
      }
    },
    "objectId": "2636643",
    "brand": "Narciso Rodriguez",
    "attributes": {
      "fragrance_scent": "floral",
      "gender": "womens",
      "size": "71-100",
      "fragrance_type": "eau de parfum",
      "hasPriceAdvantageDeal": false,
      "Reporting_Category": "fragrance",
      "ProductReviewFlag": "1"
    },
    "variants": {
      "colours": [],
      "hasColours": false,
      "hasSizes": false
    },
    "categories": [
      [
        {
          "name": "fragrance",
          "label": "fragrance"
        },
        {
          "name": "gift",
          "label": "gift"
        }
      ],
      [
        {
          "name": "5* rated perfumes & aftershaves",
          "label": "fragrance > 5* rated perfumes & aftershaves"
        },
        {
          "name": "perfume",
          "label": "fragrance > perfume"
        },
        {
          "name": "gifts for her",
          "label": "gift > gifts for her"
        }
      ],
      [
        {
          "name": "all perfumes",
          "label": "fragrance > perfume > all perfumes"
        },
        {
          "name": "floral perfume",
          "label": "fragrance > perfume > floral perfume"
        },
        {
          "name": "all perfumes",
          "label": "gift > gifts for her > all perfumes"
        }
      ]
    ],
    "reviews": {
      "average": 4.74,
      "count": 1519,
      "rounded": 4
    },
    "parent": {
      "product": "2636642",
      "partNumber": "10306164.P",
      "model": "10306164",
      "manufacturerModel": "8998752"
    },
    "images": {
      "thumbnail": "https://boots.scene7.com/is/image/Boots/10306164?wid=45&hei=60&op_sharpen=1"
    },
    "offers": [
      {
        "text": "Free Narciso Rodriguez mirror and case when you buy selected fragrance - online only, whilst stocks last"
      }
    ],
    "actions": {},
    "iconUri": "https://boots.scene7.com/is/image/Boots/10306164?op_sharpen=1",
    "title": "Narciso Rodriguez for her MUSC NOIR ROSE Eau de Parfum 100ml",
    "referenceUri": "/narciso-rodriguez-for-her-musc-noir-rose-eau-de-parfum-100ml-10306164",
    "canAddToBasket": "yes",
    "opticians": false,
    "inStock": true,
    "expressDelivery": false,
    "hasOtherPromotion": true,
    "channelPromotionalTextMap": {
      "-1": [
        "Free Narciso Rodriguez mirror and case when you buy selected fragrance - online only, whilst stocks last"
      ],
      "-6": [
        "Free Narciso Rodriguez mirror and case when you buy selected fragrance - online only, whilst stocks last"
      ]
    },
    "adCardPoints": 342
  },
  {
    "_id": {
      "$oid": "65ec108d9884656b92f55895"
    },
    "ppuQuantity": "50ML",
    "pricing": {
      "perUnit": "£146.20 per 100ML",
      "regular": {
        "value": 86,
        "currency": "GBP",
        "text": "£86.00"
      },
      "current": {
        "value": 73.1,
        "currency": "GBP",
        "text": "£73.10"
      },
      "saving": {
        "value": 12.9,
        "currency": "GBP",
        "text": "£12.90"
      }
    },
    "objectId": "2369553",
    "brand": "Givenchy",
    "attributes": {
      "fragrance_scent": [
        "fruity",
        "floral"
      ],
      "gender": "womens",
      "StockOverrideMessage": "STOCK_COMING_SOON",
      "size": "41-50",
      "fragrance_type": "eau de parfum",
      "format": "spray",
      "recipient": "gifts for women",
      "hasPriceAdvantageDeal": false,
      "Reporting_Category": "fragrance",
      "gift_type": "fragrance gifts",
      "ProductReviewFlag": "1"
    },
    "variants": {
      "colours": [],
      "hasColours": false,
      "hasSizes": false
    },
    "categories": [
      [
        {
          "name": "fragrance",
          "label": "fragrance"
        },
        {
          "name": "gift",
          "label": "gift"
        }
      ],
      [
        {
          "name": "5* rated perfumes & aftershaves",
          "label": "fragrance > 5* rated perfumes & aftershaves"
        },
        {
          "name": "perfume",
          "label": "fragrance > perfume"
        },
        {
          "name": "gifts for her",
          "label": "gift > gifts for her"
        }
      ],
      [
        {
          "name": "all perfumes",
          "label": "fragrance > perfume > all perfumes"
        },
        {
          "name": "floral perfume",
          "label": "fragrance > perfume > floral perfume"
        },
        {
          "name": "all perfumes",
          "label": "gift > gifts for her > all perfumes"
        }
      ]
    ],
    "reviews": {
      "average": 4.74,
      "count": 5566,
      "rounded": 4
    },
    "parent": {
      "product": "2369552",
      "partNumber": "10277305.P",
      "model": "10277305",
      "manufacturerModel": "8802017"
    },
    "images": {
      "thumbnail": "https://boots.scene7.com/is/image/Boots/10277305?wid=45&hei=60&op_sharpen=1"
    },
    "offers": [
      {
        "text": "Save up to 20 percent on selected fragrances"
      }
    ],
    "actions": {},
    "iconUri": "https://boots.scene7.com/is/image/Boots/10277305?op_sharpen=1",
    "title": "Givenchy Irresistible Eau de Parfum 50ml",
    "referenceUri": "/givenchy-irresistible-50ml-10277305",
    "canAddToBasket": "yes",
    "opticians": false,
    "inStock": true,
    "expressDelivery": false,
    "hasOtherPromotion": true,
    "channelPromotionalTextMap": {
      "-1": [
        "Save up to 20 percent on selected fragrances"
      ],
      "-6": [
        "Save up to 20 percent on selected fragrances"
      ]
    },
    "adCardPoints": 219
  },
  {
    "_id": {
      "$oid": "65ec108d9884656b92f55896"
    },
    "ppuQuantity": "30ML",
    "pricing": {
      "perUnit": "£184.17 per 100ML",
      "regular": {
        "value": 65,
        "currency": "GBP",
        "text": "£65.00"
      },
      "current": {
        "value": 55.25,
        "currency": "GBP",
        "text": "£55.25"
      },
      "saving": {
        "value": 9.75,
        "currency": "GBP",
        "text": "£9.75"
      }
    },
    "objectId": "2486451",
    "brand": "Valentino",
    "attributes": {
      "fragrance_scent": "floral",
      "StockOverrideMessage": "STOCK_COMING_SOON",
      "gender": "womens",
      "size": "21-30",
      "format": "spray",
      "fragrance_type": "eau de parfum",
      "hasPriceAdvantageDeal": false,
      "Reporting_Category": "fragrance",
      "ProductReviewFlag": "1"
    },
    "variants": {
      "colours": [],
      "hasColours": false,
      "hasSizes": false
    },
    "categories": [
      [
        {
          "name": "fragrance",
          "label": "fragrance"
        },
        {
          "name": "gift",
          "label": "gift"
        }
      ],
      [
        {
          "name": "5* rated perfumes & aftershaves",
          "label": "fragrance > 5* rated perfumes & aftershaves"
        },
        {
          "name": "perfume",
          "label": "fragrance > perfume"
        },
        {
          "name": "gifts for her",
          "label": "gift > gifts for her"
        },
        {
          "name": "luxury fragrance",
          "label": "fragrance > luxury fragrance"
        }
      ],
      [
        {
          "name": "all perfumes",
          "label": "fragrance > perfume > all perfumes"
        },
        {
          "name": "floral perfume",
          "label": "fragrance > perfume > floral perfume"
        },
        {
          "name": "all perfumes",
          "label": "gift > gifts for her > all perfumes"
        }
      ]
    ],
    "reviews": {
      "average": 4.71,
      "count": 1070,
      "rounded": 4
    },
    "parent": {
      "product": "2486450",
      "partNumber": "10290572.P",
      "model": "10290572",
      "manufacturerModel": "2211378"
    },
    "images": {
      "thumbnail": "https://boots.scene7.com/is/image/Boots/10290572?wid=45&hei=60&op_sharpen=1"
    },
    "offers": [
      {
        "text": "Save up to 20 percent on selected fragrances"
      }
    ],
    "actions": {},
    "iconUri": "https://boots.scene7.com/is/image/Boots/10290572?op_sharpen=1",
    "title": "Valentino Born in Roma Yellow Dream For Her Eau de Parfum 30ml",
    "referenceUri": "/valentino-born-in-roma-yellow-dream-for-her-eau-de-parfum-30ml-10290572",
    "canAddToBasket": "yes",
    "opticians": false,
    "inStock": true,
    "expressDelivery": false,
    "hasOtherPromotion": true,
    "channelPromotionalTextMap": {
      "-1": [
        "Save up to 20 percent on selected fragrances"
      ],
      "-6": [
        "Save up to 20 percent on selected fragrances"
      ]
    },
    "adCardPoints": 165
  },
  {
    "_id": {
      "$oid": "65ec108d9884656b92f55897"
    },
    "ppuQuantity": "100ML",
    "pricing": {
      "perUnit": "£33.75 per 100ML",
      "regular": {
        "value": 45,
        "currency": "GBP",
        "text": "£45.00"
      },
      "current": {
        "value": 33.75,
        "currency": "GBP",
        "text": "£33.75"
      },
      "saving": {
        "value": 11.25,
        "currency": "GBP",
        "text": "£11.25"
      }
    },
    "objectId": "2260957",
    "brand": "Elizabeth Arden",
    "attributes": {
      "fragrance_scent": "floral",
      "StockOverrideMessage": "STOCK_COMING_SOON",
      "size": "71-100",
      "fragrance_type": "eau de toilette",
      "format": "spray",
      "hasPriceAdvantageDeal": false,
      "Reporting_Category": "fragrance",
      "body_area": "body",
      "ProductReviewFlag": "1"
    },
    "variants": {
      "colours": [],
      "hasColours": false,
      "hasSizes": false
    },
    "categories": [
      [
        {
          "name": "fragrance",
          "label": "fragrance"
        },
        {
          "name": "beauty & skincare",
          "label": "beauty & skincare"
        },
        {
          "name": "gift",
          "label": "gift"
        }
      ],
      [
        {
          "name": "5* rated perfumes & aftershaves",
          "label": "fragrance > 5* rated perfumes & aftershaves"
        },
        {
          "name": "premium beauty & skincare",
          "label": "beauty & skincare > premium beauty & skincare"
        },
        {
          "name": "perfume",
          "label": "fragrance > perfume"
        },
        {
          "name": "gifts for her",
          "label": "gift > gifts for her"
        }
      ],
      [
        {
          "name": "save up to 25% across selected premium beauty and No7",
          "label": "beauty & skincare > premium beauty & skincare > save up to 25% across selected premium beauty and No7"
        },
        {
          "name": "all perfumes",
          "label": "fragrance > perfume > all perfumes"
        },
        {
          "name": "all perfumes",
          "label": "gift > gifts for her > all perfumes"
        }
      ]
    ],
    "reviews": {
      "average": 4.7,
      "count": 540,
      "rounded": 4
    },
    "parent": {
      "product": "2260956",
      "partNumber": "10263678.P",
      "model": "10263678",
      "manufacturerModel": "8512493"
    },
    "images": {
      "thumbnail": "https://boots.scene7.com/is/image/Boots/10263678?wid=45&hei=60&op_sharpen=1"
    },
    "offers": [
      {
        "text": "Spend £45 on selected Elizabeth Arden and receive Elizabeth Arden Icons Set for £75, worth £281"
      },
      {
        "text": "Save up to 25 percent across selected Premium Beauty"
      }
    ],
    "actions": {},
    "iconUri": "https://boots.scene7.com/is/image/Boots/10263678?op_sharpen=1",
    "title": "Elizabeth Arden White Tea Wild Rose Eau de Toilette 100ml",
    "referenceUri": "/elizabeth-arden-white-tea-wild-rose-eau-de-toilette-100ml-10263678",
    "canAddToBasket": "yes",
    "opticians": false,
    "inStock": true,
    "expressDelivery": false,
    "hasOtherPromotion": true,
    "channelPromotionalTextMap": {
      "-1": [
        "Spend £45 on selected Elizabeth Arden and receive Elizabeth Arden Icons Set for £75, worth £281",
        "Save up to 25 percent across selected Premium Beauty"
      ],
      "-6": [
        "Spend £45 on selected Elizabeth Arden and receive Elizabeth Arden Icons Set for £75, worth £281",
        "Save up to 25 percent across selected Premium Beauty"
      ]
    },
    "adCardPoints": 99
  },
  {
    "_id": {
      "$oid": "65ec108d9884656b92f55898"
    },
    "ppuQuantity": "50ML",
    "pricing": {
      "perUnit": "£102.00 per 100ML",
      "regular": {
        "value": 60,
        "currency": "GBP",
        "text": "£60.00"
      },
      "current": {
        "value": 51,
        "currency": "GBP",
        "text": "£51.00"
      },
      "saving": {
        "value": 9,
        "currency": "GBP",
        "text": "£9.00"
      }
    },
    "objectId": "2477489",
    "brand": "Emporio Armani",
    "attributes": {
      "fragrance_scent": [
        "fruity",
        "amber",
        "jasmine",
        "citrus",
        "floral"
      ],
      "product_type": "gift set",
      "StockOverrideMessage": "STOCK_COMING_SOON",
      "gender": "womens",
      "size": "41-50",
      "format": "spray",
      "fragrance_type": "eau de parfum",
      "hasPriceAdvantageDeal": false,
      "Reporting_Category": "fragrance",
      "gift_type": [
        "fragrance gifts",
        "fragrance gift sets"
      ],
      "ProductReviewFlag": "1"
    },
    "variants": {
      "colours": [],
      "hasColours": false,
      "hasSizes": false
    },
    "categories": [
      [
        {
          "name": "gift",
          "label": "gift"
        },
        {
          "name": "fragrance",
          "label": "fragrance"
        }
      ],
      [
        {
          "name": "all gifts",
          "label": "gift > all gifts"
        },
        {
          "name": "perfume",
          "label": "fragrance > perfume"
        },
        {
          "name": "gifts for her",
          "label": "gift > gifts for her"
        },
        {
          "name": "5* rated perfumes & aftershaves",
          "label": "fragrance > 5* rated perfumes & aftershaves"
        }
      ],
      [
        {
          "name": "all perfumes",
          "label": "fragrance > perfume > all perfumes"
        },
        {
          "name": "floral perfume",
          "label": "fragrance > perfume > floral perfume"
        },
        {
          "name": "amber perfume",
          "label": "fragrance > perfume > amber perfume"
        },
        {
          "name": "all perfumes",
          "label": "gift > gifts for her > all perfumes"
        }
      ]
    ],
    "reviews": {
      "average": 4.69,
      "count": 181,
      "rounded": 4
    },
    "parent": {
      "product": "2477488",
      "partNumber": "10290111.P",
      "model": "10290111",
      "manufacturerModel": "2081555"
    },
    "images": {
      "thumbnail": "https://boots.scene7.com/is/image/Boots/10290111?wid=45&hei=60&op_sharpen=1"
    },
    "offers": [
      {
        "text": "Save up to 20 percent on selected fragrances"
      }
    ],
    "actions": {},
    "iconUri": "https://boots.scene7.com/is/image/Boots/10290111?op_sharpen=1",
    "title": "Emporio Armani She Eau de Parfum 50ml",
    "referenceUri": "/emporio-armani-she-edp-50ml-10290111",
    "canAddToBasket": "yes",
    "opticians": false,
    "inStock": true,
    "expressDelivery": false,
    "hasOtherPromotion": true,
    "channelPromotionalTextMap": {
      "-1": [
        "Save up to 20 percent on selected fragrances"
      ],
      "-6": [
        "Save up to 20 percent on selected fragrances"
      ]
    },
    "adCardPoints": 153
  },
  {
    "_id": {
      "$oid": "65ec108d9884656b92f55899"
    },
    "ppuQuantity": "90ML",
    "pricing": {
      "perUnit": "£122.78 per 100ML",
      "regular": {
        "value": 130,
        "currency": "GBP",
        "text": "£130.00"
      },
      "current": {
        "value": 110.5,
        "currency": "GBP",
        "text": "£110.50"
      },
      "saving": {
        "value": 19.5,
        "currency": "GBP",
        "text": "£19.50"
      }
    },
    "objectId": "1491525",
    "brand": "Viktor & Rolf",
    "attributes": {
      "fragrance_scent": [
        "floral",
        "jasmine",
        "fruity",
        "amber",
        "citrus",
        "woody"
      ],
      "StockOverrideMessage": "STOCK_COMING_SOON",
      "size": "71-100",
      "gender": "womens",
      "Size": "90ml",
      "parentCategory_UK": "33071",
      "fragrance_type": "eau de parfum",
      "hasPriceAdvantageDeal": false,
      "Reporting_Category": "fragrance",
      "ProductReviewFlag": "1"
    },
    "variants": {
      "colours": [],
      "hasColours": false,
      "hasSizes": false
    },
    "categories": [
      [
        {
          "name": "fragrance",
          "label": "fragrance"
        },
        {
          "name": "gift",
          "label": "gift"
        }
      ],
      [
        {
          "name": "perfume",
          "label": "fragrance > perfume"
        },
        {
          "name": "fragrance offers",
          "label": "fragrance > fragrance offers"
        },
        {
          "name": "gifts for her",
          "label": "gift > gifts for her"
        }
      ],
      [
        {
          "name": "all perfumes",
          "label": "fragrance > perfume > all perfumes"
        },
        {
          "name": "floral perfume",
          "label": "fragrance > perfume > floral perfume"
        },
        {
          "name": "amber perfume",
          "label": "fragrance > perfume > amber perfume"
        },
        {
          "name": "Save 15% on 100s of fragrances",
          "label": "fragrance > fragrance offers > Save 15% on 100s of fragrances"
        },
        {
          "name": "all perfumes",
          "label": "gift > gifts for her > all perfumes"
        }
      ]
    ],
    "reviews": {
      "average": 4.69,
      "count": 2020,
      "rounded": 4
    },
    "parent": {
      "product": "1491524",
      "partNumber": "10176820.P",
      "model": "10176820",
      "manufacturerModel": "1912151"
    },
    "images": {
      "thumbnail": "https://boots.scene7.com/is/image/Boots/10176820?wid=45&hei=60&op_sharpen=1"
    },
    "offers": [
      {
        "text": "Save up to 20 percent on selected fragrances"
      }
    ],
    "actions": {},
    "iconUri": "https://boots.scene7.com/is/image/Boots/10176820?op_sharpen=1",
    "title": "Viktor&Rolf Bonbon Eau de Parfum 90ml",
    "referenceUri": "/viktor-and-rolf-bonbon-eau-de-parfum-90ml-10176820",
    "canAddToBasket": "yes",
    "opticians": false,
    "inStock": true,
    "expressDelivery": false,
    "hasOtherPromotion": true,
    "channelPromotionalTextMap": {
      "-1": [
        "Save up to 20 percent on selected fragrances"
      ],
      "-6": [
        "Save up to 20 percent on selected fragrances"
      ]
    },
    "adCardPoints": 330
  },
  {
    "_id": {
      "$oid": "65ec108d9884656b92f5589a"
    },
    "ppuQuantity": "100ML",
    "pricing": {
      "perUnit": "£61.20 per 100ML",
      "regular": {
        "value": 72,
        "currency": "GBP",
        "text": "£72.00"
      },
      "current": {
        "value": 61.2,
        "currency": "GBP",
        "text": "£61.20"
      },
      "saving": {
        "value": 10.8,
        "currency": "GBP",
        "text": "£10.80"
      }
    },
    "objectId": "3913",
    "brand": "Ralph Lauren",
    "attributes": {
      "fragrance_scent": [
        "musk",
        "floral"
      ],
      "StockOverrideMessage": "STOCK_COMING_SOON",
      "gender": "womens",
      "size": "71-100",
      "Size": "100 ml",
      "parentCategory_UK": "33071",
      "fragrance_type": "eau de toilette",
      "hasPriceAdvantageDeal": false,
      "Reporting_Category": "fragrance",
      "ProductReviewFlag": "1"
    },
    "variants": {
      "colours": [],
      "hasColours": false,
      "hasSizes": false
    },
    "categories": [
      [
        {
          "name": "fragrance",
          "label": "fragrance"
        },
        {
          "name": "gift",
          "label": "gift"
        }
      ],
      [
        {
          "name": "fragrance offers",
          "label": "fragrance > fragrance offers"
        },
        {
          "name": "perfume",
          "label": "fragrance > perfume"
        },
        {
          "name": "gifts for her",
          "label": "gift > gifts for her"
        }
      ],
      [
        {
          "name": "all perfumes",
          "label": "fragrance > perfume > all perfumes"
        },
        {
          "name": "musky perfume",
          "label": "fragrance > perfume > musky perfume"
        },
        {
          "name": "floral perfume",
          "label": "fragrance > perfume > floral perfume"
        },
        {
          "name": "Save 15% on 100s of fragrances",
          "label": "fragrance > fragrance offers > Save 15% on 100s of fragrances"
        },
        {
          "name": "all perfumes",
          "label": "gift > gifts for her > all perfumes"
        }
      ]
    ],
    "reviews": {
      "average": 4.68,
      "count": 65,
      "rounded": 4
    },
    "parent": {
      "product": "3912",
      "partNumber": "10013685.P",
      "model": "10013685",
      "manufacturerModel": "1947613"
    },
    "images": {
      "thumbnail": "https://boots.scene7.com/is/image/Boots/10013685?wid=45&hei=60&op_sharpen=1"
    },
    "offers": [
      {
        "text": "Save up to 20 percent on selected fragrances"
      }
    ],
    "actions": {},
    "iconUri": "https://boots.scene7.com/is/image/Boots/10013685?op_sharpen=1",
    "title": "Ralph Eau de Toilette 100ml",
    "referenceUri": "/ralph-eau-de-toilette-100ml-10013685",
    "canAddToBasket": "yes",
    "opticians": false,
    "inStock": true,
    "expressDelivery": false,
    "hasOtherPromotion": true,
    "channelPromotionalTextMap": {
      "-1": [
        "Save up to 20 percent on selected fragrances"
      ],
      "-6": [
        "Save up to 20 percent on selected fragrances"
      ]
    },
    "adCardPoints": 183
  },
  {
    "_id": {
      "$oid": "65ec108d9884656b92f5589b"
    },
    "ppuQuantity": "50ML",
    "pricing": {
      "perUnit": "£156.40 per 100ML",
      "regular": {
        "value": 92,
        "currency": "GBP",
        "text": "£92.00"
      },
      "current": {
        "value": 78.2,
        "currency": "GBP",
        "text": "£78.20"
      },
      "saving": {
        "value": 13.8,
        "currency": "GBP",
        "text": "£13.80"
      }
    },
    "objectId": "2095949",
    "brand": "Giorgio Armani",
    "attributes": {
      "fragrance_scent": [
        "jasmine",
        "vanilla",
        "spicy",
        "fruity",
        "floral"
      ],
      "gender": "womens",
      "size": "41-50",
      "StockOverrideMessage": "STOCK_COMING_SOON",
      "fragrance_type": "eau de parfum",
      "hasPriceAdvantageDeal": false,
      "Reporting_Category": "fragrance",
      "gift_type": "fragrance gifts",
      "ProductReviewFlag": "1"
    },
    "variants": {
      "colours": [],
      "hasColours": false,
      "hasSizes": false
    },
    "categories": [
      [
        {
          "name": "fragrance",
          "label": "fragrance"
        },
        {
          "name": "gift",
          "label": "gift"
        }
      ],
      [
        {
          "name": "5* rated perfumes & aftershaves",
          "label": "fragrance > 5* rated perfumes & aftershaves"
        },
        {
          "name": "perfume",
          "label": "fragrance > perfume"
        },
        {
          "name": "fragrance offers",
          "label": "fragrance > fragrance offers"
        },
        {
          "name": "gifts for her",
          "label": "gift > gifts for her"
        }
      ],
      [
        {
          "name": "all perfumes",
          "label": "fragrance > perfume > all perfumes"
        },
        {
          "name": "vanilla perfume",
          "label": "fragrance > perfume > vanilla perfume"
        },
        {
          "name": "floral perfume",
          "label": "fragrance > perfume > floral perfume"
        },
        {
          "name": "Triple points on top scents",
          "label": "fragrance > fragrance offers > Triple points on top scents"
        },
        {
          "name": "Save 15% on 100s of fragrances",
          "label": "fragrance > fragrance offers > Save 15% on 100s of fragrances"
        },
        {
          "name": "all perfumes",
          "label": "gift > gifts for her > all perfumes"
        }
      ]
    ],
    "reviews": {
      "average": 4.68,
      "count": 4897,
      "rounded": 4
    },
    "parent": {
      "product": "2095948",
      "partNumber": "10243537.P",
      "model": "10243537",
      "manufacturerModel": "8090971"
    },
    "images": {
      "thumbnail": "https://boots.scene7.com/is/image/Boots/10243537?wid=45&hei=60&op_sharpen=1"
    },
    "offers": [
      {
        "text": "Free Giorgio Armani Si Eau de Parfum 15ml when you buy Giorgio Armani Si 50ml or above - whilst stocks last"
      },
      {
        "text": "Save up to 20 percent on selected fragrances"
      }
    ],
    "actions": {},
    "iconUri": "https://boots.scene7.com/is/image/Boots/10243537?op_sharpen=1",
    "title": "Giorgio Armani Si Passione Eau de Parfum 50ml",
    "referenceUri": "/giorgio-armani-si-passione-eau-de-parfum-50ml-10243537",
    "canAddToBasket": "yes",
    "opticians": false,
    "inStock": true,
    "expressDelivery": false,
    "hasOtherPromotion": true,
    "channelPromotionalTextMap": {
      "-1": [
        "Free Giorgio Armani Si Eau de Parfum 15ml when you buy Giorgio Armani Si 50ml or above - whilst stocks last",
        "Save up to 20 percent on selected fragrances"
      ],
      "-6": [
        "Free Giorgio Armani Si Eau de Parfum 15ml when you buy Giorgio Armani Si 50ml or above - whilst stocks last",
        "Save up to 20 percent on selected fragrances"
      ]
    },
    "adCardPoints": 234
  },
  {
    "_id": {
      "$oid": "65ec108d9884656b92f5589c"
    },
    "ppuQuantity": "30ML",
    "pricing": {
      "perUnit": "£189.83 per 100ML",
      "regular": {
        "value": 67,
        "currency": "GBP",
        "text": "£67.00"
      },
      "current": {
        "value": 56.95,
        "currency": "GBP",
        "text": "£56.95"
      },
      "saving": {
        "value": 10.05,
        "currency": "GBP",
        "text": "£10.05"
      }
    },
    "objectId": "2392067",
    "brand": "Giorgio Armani",
    "attributes": {
      "fragrance_scent": [
        "musk",
        "vanilla",
        "jasmine",
        "citrus",
        "woody",
        "floral"
      ],
      "gender": "womens",
      "size": "21-30",
      "StockOverrideMessage": "STOCK_COMING_SOON",
      "fragrance_type": "eau de parfum",
      "hasPriceAdvantageDeal": false,
      "Reporting_Category": "fragrance",
      "ProductReviewFlag": "1"
    },
    "variants": {
      "colours": [],
      "hasColours": false,
      "hasSizes": false
    },
    "categories": [
      [
        {
          "name": "fragrance",
          "label": "fragrance"
        },
        {
          "name": "gift",
          "label": "gift"
        },
        {
          "name": "wellness",
          "label": "wellness"
        }
      ],
      [
        {
          "name": "5* rated perfumes & aftershaves",
          "label": "fragrance > 5* rated perfumes & aftershaves"
        },
        {
          "name": "perfume",
          "label": "fragrance > perfume"
        },
        {
          "name": "gifts for her",
          "label": "gift > gifts for her"
        },
        {
          "name": "sustainability at Boots",
          "label": "wellness > sustainability at Boots"
        }
      ],
      [
        {
          "name": "all perfumes",
          "label": "fragrance > perfume > all perfumes"
        },
        {
          "name": "vanilla perfume",
          "label": "fragrance > perfume > vanilla perfume"
        },
        {
          "name": "musky perfume",
          "label": "fragrance > perfume > musky perfume"
        },
        {
          "name": "floral perfume",
          "label": "fragrance > perfume > floral perfume"
        },
        {
          "name": "perfume refill bottles",
          "label": "fragrance > perfume > perfume refill bottles"
        },
        {
          "name": "all perfumes",
          "label": "gift > gifts for her > all perfumes"
        },
        {
          "name": "reuse ready",
          "label": "wellness > sustainability at Boots > reuse ready"
        }
      ]
    ],
    "reviews": {
      "average": 4.66,
      "count": 8708,
      "rounded": 4
    },
    "parent": {
      "product": "2392066",
      "partNumber": "10279631.P",
      "model": "10279631",
      "manufacturerModel": "8854173"
    },
    "images": {
      "thumbnail": "https://boots.scene7.com/is/image/Boots/10279631?wid=45&hei=60&op_sharpen=1"
    },
    "offers": [
      {
        "text": "Save up to 20 percent on selected fragrances"
      }
    ],
    "actions": {},
    "iconUri": "https://boots.scene7.com/is/image/Boots/10279631?op_sharpen=1",
    "title": "Giorgio Armani My Way Eau de Parfum 30ml Refillable",
    "referenceUri": "/giorgio-armani-my-way-eau-de-parfum-30ml-refillable-10279631",
    "canAddToBasket": "yes",
    "opticians": false,
    "inStock": true,
    "expressDelivery": false,
    "hasOtherPromotion": true,
    "channelPromotionalTextMap": {
      "-1": [
        "Save up to 20 percent on selected fragrances"
      ],
      "-6": [
        "Save up to 20 percent on selected fragrances"
      ]
    },
    "adCardPoints": 168
  },
  {
    "_id": {
      "$oid": "65ec108d9884656b92f5589d"
    },
    "ppuQuantity": "60ML",
    "pricing": {
      "perUnit": "£110.00 per 100ML",
      "regular": {
        "value": 66,
        "currency": "GBP",
        "text": "£66.00"
      },
      "current": {
        "value": 66,
        "currency": "GBP",
        "text": "£66.00"
      }
    },
    "objectId": "2176927",
    "brand": "Jimmy Choo",
    "attributes": {
      "fragrance_scent": [
        "floral",
        "amber",
        "fruity"
      ],
      "StockOverrideMessage": "STOCK_COMING_SOON",
      "gender": "womens",
      "size": "51-70",
      "fragrance_type": "eau de parfum",
      "hasPriceAdvantageDeal": false,
      "Reporting_Category": "fragrance",
      "ProductReviewFlag": "1"
    },
    "variants": {
      "colours": [],
      "hasColours": false,
      "hasSizes": false
    },
    "categories": [
      [
        {
          "name": "fragrance",
          "label": "fragrance"
        },
        {
          "name": "gift",
          "label": "gift"
        }
      ],
      [
        {
          "name": "5* rated perfumes & aftershaves",
          "label": "fragrance > 5* rated perfumes & aftershaves"
        },
        {
          "name": "fragrance gift sets",
          "label": "fragrance > fragrance gift sets"
        },
        {
          "name": "perfume",
          "label": "fragrance > perfume"
        },
        {
          "name": "gifts for her",
          "label": "gift > gifts for her"
        }
      ],
      [
        {
          "name": "gift wrapped sets",
          "label": "fragrance > fragrance gift sets > gift wrapped sets"
        },
        {
          "name": "all perfumes",
          "label": "fragrance > perfume > all perfumes"
        },
        {
          "name": "floral perfume",
          "label": "fragrance > perfume > floral perfume"
        },
        {
          "name": "amber perfume",
          "label": "fragrance > perfume > amber perfume"
        },
        {
          "name": "all perfumes",
          "label": "gift > gifts for her > all perfumes"
        }
      ],
      [
        {
          "name": "the scent of Christmas",
          "label": "fragrance > fragrance gift sets > gift wrapped sets > the scent of Christmas"
        }
      ]
    ],
    "reviews": {
      "average": 4.64,
      "count": 514,
      "rounded": 4
    },
    "parent": {
      "product": "2176926",
      "partNumber": "10255374.P",
      "model": "10255374",
      "manufacturerModel": "8217645"
    },
    "images": {
      "thumbnail": "https://boots.scene7.com/is/image/Boots/10255374?wid=45&hei=60&op_sharpen=1"
    },
    "offers": [
      {
        "text": "Free gift when you buy selected Jimmy Choo fragrances - online only, whilst stocks last"
      }
    ],
    "actions": {},
    "iconUri": "https://boots.scene7.com/is/image/Boots/10255374?op_sharpen=1",
    "title": "Jimmy Choo Fever Eau de Parfum 60ml",
    "referenceUri": "/jimmy-choo-fever-eau-de-parfum-60ml-10255374",
    "canAddToBasket": "yes",
    "opticians": false,
    "inStock": true,
    "expressDelivery": false,
    "hasOtherPromotion": true,
    "channelPromotionalTextMap": {
      "-1": [
        "Free gift when you buy selected Jimmy Choo fragrances - online only, whilst stocks last"
      ],
      "-6": [
        "Free gift when you buy selected Jimmy Choo fragrances - online only, whilst stocks last"
      ]
    },
    "adCardPoints": 198
  },
  {
    "_id": {
      "$oid": "65ec108d9884656b92f5589e"
    },
    "ppuQuantity": "50ML",
    "pricing": {
      "perUnit": "£80.00 per 100ML",
      "regular": {
        "value": 40,
        "currency": "GBP",
        "text": "£40.00"
      },
      "current": {
        "value": 40,
        "currency": "GBP",
        "text": "£40.00"
      }
    },
    "objectId": "1744127",
    "brand": "Ariana Grande",
    "attributes": {
      "fragrance_scent": [
        "musk",
        "floral"
      ],
      "size": "41-50",
      "gender": "womens",
      "StockOverrideMessage": "STOCK_COMING_SOON",
      "parentCategory_UK": "33071",
      "fragrance_type": "eau de parfum",
      "hasPriceAdvantageDeal": false,
      "Reporting_Category": "fragrance",
      "ProductReviewFlag": "1"
    },
    "variants": {
      "colours": [],
      "hasColours": false,
      "hasSizes": false
    },
    "categories": [
      [
        {
          "name": "fragrance",
          "label": "fragrance"
        },
        {
          "name": "gift",
          "label": "gift"
        }
      ],
      [
        {
          "name": "5* rated perfumes & aftershaves",
          "label": "fragrance > 5* rated perfumes & aftershaves"
        },
        {
          "name": "perfume",
          "label": "fragrance > perfume"
        },
        {
          "name": "gifts for her",
          "label": "gift > gifts for her"
        },
        {
          "name": "celebrity fragrance",
          "label": "fragrance > celebrity fragrance"
        }
      ],
      [
        {
          "name": "all perfumes",
          "label": "fragrance > perfume > all perfumes"
        },
        {
          "name": "musky perfume",
          "label": "fragrance > perfume > musky perfume"
        },
        {
          "name": "floral perfume",
          "label": "fragrance > perfume > floral perfume"
        },
        {
          "name": "all perfumes",
          "label": "gift > gifts for her > all perfumes"
        }
      ]
    ],
    "reviews": {
      "average": 4.64,
      "count": 153,
      "rounded": 4
    },
    "parent": {
      "product": "1744126",
      "partNumber": "10202118.P",
      "model": "10202118",
      "manufacturerModel": "6377947"
    },
    "images": {
      "thumbnail": "https://boots.scene7.com/is/image/Boots/10202118?wid=45&hei=60&op_sharpen=1"
    },
    "offers": [],
    "actions": {},
    "iconUri": "https://boots.scene7.com/is/image/Boots/10202118?op_sharpen=1",
    "title": "ARI by Ariana Grande Eau de Parfum Spray 50ml",
    "referenceUri": "/ariana-grande-eau-de-parfum-spray-50ml-10202118",
    "canAddToBasket": "yes",
    "opticians": false,
    "inStock": true,
    "expressDelivery": false,
    "hasOtherPromotion": false,
    "channelPromotionalTextMap": {
      "-1": [],
      "-6": []
    },
    "adCardPoints": 120
  },
  {
    "_id": {
      "$oid": "65ec108d9884656b92f5589f"
    },
    "ppuQuantity": "30ML",
    "pricing": {
      "perUnit": "£100.00 per 100ML",
      "regular": {
        "value": 30,
        "currency": "GBP",
        "text": "£30.00"
      },
      "current": {
        "value": 30,
        "currency": "GBP",
        "text": "£30.00"
      }
    },
    "objectId": "1885632",
    "brand": "Ariana Grande",
    "attributes": {
      "fragrance_scent": "sweet",
      "gender": "womens",
      "StockOverrideMessage": "SOLD_OUT",
      "size": "21-30",
      "parentCategory_UK": "33071",
      "fragrance_type": "eau de parfum",
      "hasPriceAdvantageDeal": false,
      "Reporting_Category": "fragrance",
      "ProductReviewFlag": "1"
    },
    "variants": {
      "colours": [],
      "hasColours": false,
      "hasSizes": false
    },
    "categories": [
      [
        {
          "name": "fragrance",
          "label": "fragrance"
        },
        {
          "name": "gift",
          "label": "gift"
        }
      ],
      [
        {
          "name": "5* rated perfumes & aftershaves",
          "label": "fragrance > 5* rated perfumes & aftershaves"
        },
        {
          "name": "perfume",
          "label": "fragrance > perfume"
        },
        {
          "name": "gifts for her",
          "label": "gift > gifts for her"
        },
        {
          "name": "celebrity fragrance",
          "label": "fragrance > celebrity fragrance"
        }
      ],
      [
        {
          "name": "all perfumes",
          "label": "fragrance > perfume > all perfumes"
        },
        {
          "name": "all perfumes",
          "label": "gift > gifts for her > all perfumes"
        }
      ]
    ],
    "reviews": {
      "average": 4.63,
      "count": 57,
      "rounded": 4
    },
    "parent": {
      "product": "1885631",
      "partNumber": "10220649.P",
      "model": "10220649",
      "manufacturerModel": "6670806"
    },
    "images": {
      "thumbnail": "https://boots.scene7.com/is/image/Boots/10220649?wid=45&hei=60&op_sharpen=1"
    },
    "offers": [],
    "actions": {},
    "iconUri": "https://boots.scene7.com/is/image/Boots/10220649?op_sharpen=1",
    "title": "Sweet Like Candy by Ariana Grande 30ml Eau de Parfum Spray",
    "referenceUri": "/sweet-like-candy-by-ariana-grande-30ml-eau-de-parfum-spray-10220649",
    "canAddToBasket": "yes",
    "opticians": false,
    "inStock": true,
    "expressDelivery": false,
    "hasOtherPromotion": false,
    "channelPromotionalTextMap": {
      "-1": [],
      "-6": []
    },
    "adCardPoints": 90
  },
  {
    "_id": {
      "$oid": "65ec108d9884656b92f558a0"
    },
    "ppuQuantity": "50ML",
    "pricing": {
      "perUnit": "£170.00 per 100ML",
      "regular": {
        "value": 100,
        "currency": "GBP",
        "text": "£100.00"
      },
      "current": {
        "value": 85,
        "currency": "GBP",
        "text": "£85.00"
      },
      "saving": {
        "value": 15,
        "currency": "GBP",
        "text": "£15.00"
      }
    },
    "objectId": "2562634",
    "brand": "Giorgio Armani",
    "attributes": {
      "fragrance_scent": [
        "floral",
        "woody"
      ],
      "gender": "womens",
      "size": "41-50",
      "StockOverrideMessage": "STOCK_COMING_SOON",
      "fragrance_type": "eau de parfum",
      "hasPriceAdvantageDeal": false,
      "Reporting_Category": "fragrance",
      "ProductReviewFlag": "1"
    },
    "variants": {
      "colours": [],
      "hasColours": false,
      "hasSizes": false
    },
    "categories": [
      [
        {
          "name": "fragrance",
          "label": "fragrance"
        },
        {
          "name": "gift",
          "label": "gift"
        }
      ],
      [
        {
          "name": "5* rated perfumes & aftershaves",
          "label": "fragrance > 5* rated perfumes & aftershaves"
        },
        {
          "name": "perfume",
          "label": "fragrance > perfume"
        },
        {
          "name": "gifts for her",
          "label": "gift > gifts for her"
        }
      ],
      [
        {
          "name": "all perfumes",
          "label": "fragrance > perfume > all perfumes"
        },
        {
          "name": "floral perfume",
          "label": "fragrance > perfume > floral perfume"
        },
        {
          "name": "perfume refill bottles",
          "label": "fragrance > perfume > perfume refill bottles"
        },
        {
          "name": "all perfumes",
          "label": "gift > gifts for her > all perfumes"
        }
      ]
    ],
    "reviews": {
      "average": 4.62,
      "count": 1182,
      "rounded": 4
    },
    "parent": {
      "product": "2562633",
      "partNumber": "10298203.P",
      "model": "10298203",
      "manufacturerModel": "4736265"
    },
    "images": {
      "thumbnail": "https://boots.scene7.com/is/image/Boots/10298203?wid=45&hei=60&op_sharpen=1"
    },
    "offers": [
      {
        "text": "Save up to 20 percent on selected fragrances"
      }
    ],
    "actions": {},
    "iconUri": "https://boots.scene7.com/is/image/Boots/10298203?op_sharpen=1",
    "title": "Armani My Way Eau de Parfum Intense Refillable 50ml",
    "referenceUri": "/armani-my-way-eau-de-parfum-intense-50ml-10298203",
    "canAddToBasket": "yes",
    "opticians": false,
    "inStock": true,
    "expressDelivery": false,
    "hasOtherPromotion": true,
    "channelPromotionalTextMap": {
      "-1": [
        "Save up to 20 percent on selected fragrances"
      ],
      "-6": [
        "Save up to 20 percent on selected fragrances"
      ]
    },
    "adCardPoints": 255
  },
  {
    "_id": {
      "$oid": "65ec108d9884656b92f558a1"
    },
    "ppuQuantity": "40ML",
    "pricing": {
      "perUnit": "£125.00 per 100ML",
      "regular": {
        "value": 50,
        "currency": "GBP",
        "text": "£50.00"
      },
      "current": {
        "value": 50,
        "currency": "GBP",
        "text": "£50.00"
      }
    },
    "objectId": "1154902",
    "brand": "Jimmy Choo",
    "attributes": {
      "fragrance_scent": [
        "spicy",
        "fruity",
        "amber",
        "sweet",
        "woody"
      ],
      "gender": "womens",
      "StockOverrideMessage": "STOCK_COMING_SOON",
      "Size": "40ml",
      "parentCategory_UK": "33071",
      "fragrance_type": "eau de parfum",
      "hasPriceAdvantageDeal": false,
      "Reporting_Category": "fragrance",
      "ProductReviewFlag": "1"
    },
    "variants": {
      "colours": [],
      "hasColours": false,
      "hasSizes": false
    },
    "categories": [
      [
        {
          "name": "fragrance",
          "label": "fragrance"
        },
        {
          "name": "gift",
          "label": "gift"
        }
      ],
      [
        {
          "name": "5* rated perfumes & aftershaves",
          "label": "fragrance > 5* rated perfumes & aftershaves"
        },
        {
          "name": "perfume",
          "label": "fragrance > perfume"
        },
        {
          "name": "gifts for her",
          "label": "gift > gifts for her"
        }
      ],
      [
        {
          "name": "all perfumes",
          "label": "fragrance > perfume > all perfumes"
        },
        {
          "name": "amber perfume",
          "label": "fragrance > perfume > amber perfume"
        },
        {
          "name": "all perfumes",
          "label": "gift > gifts for her > all perfumes"
        }
      ]
    ],
    "reviews": {
      "average": 4.6,
      "count": 428,
      "rounded": 4
    },
    "parent": {
      "product": "1154901",
      "partNumber": "10118950.P",
      "model": "10118950",
      "manufacturerModel": "4841034"
    },
    "images": {
      "thumbnail": "https://boots.scene7.com/is/image/Boots/10118950?wid=45&hei=60&op_sharpen=1"
    },
    "offers": [],
    "actions": {},
    "iconUri": "https://boots.scene7.com/is/image/Boots/10118950?op_sharpen=1",
    "title": "Jimmy Choo Eau de Parfum 40ml",
    "referenceUri": "/jimmy-choo-eau-de-parfum-40ml-10118950",
    "canAddToBasket": "yes",
    "opticians": false,
    "inStock": true,
    "expressDelivery": false,
    "hasOtherPromotion": false,
    "channelPromotionalTextMap": {
      "-1": [],
      "-6": []
    },
    "adCardPoints": 150
  },
  {
    "_id": {
      "$oid": "65ec108d9884656b92f558a2"
    },
    "ppuQuantity": "100ML",
    "pricing": {
      "perUnit": "£82.02 per 100ML",
      "regular": {
        "value": 96.5,
        "currency": "GBP",
        "text": "£96.50"
      },
      "current": {
        "value": 82.02,
        "currency": "GBP",
        "text": "£82.02"
      },
      "saving": {
        "value": 14.48,
        "currency": "GBP",
        "text": "£14.48"
      }
    },
    "objectId": "2650649",
    "brand": "Givenchy",
    "attributes": {
      "fragrance_type": "eau de parfum",
      "hasPriceAdvantageDeal": false,
      "StockOverrideMessage": "STOCK_COMING_SOON",
      "size": "71-100",
      "ProductReviewFlag": "1"
    },
    "variants": {
      "colours": [],
      "hasColours": false,
      "hasSizes": false
    },
    "categories": [
      [
        {
          "name": "fragrance",
          "label": "fragrance"
        },
        {
          "name": "toiletries",
          "label": "toiletries"
        },
        {
          "name": "men's",
          "label": "men's"
        },
        {
          "name": "gift",
          "label": "gift"
        }
      ],
      [
        {
          "name": "5* rated perfumes & aftershaves",
          "label": "fragrance > 5* rated perfumes & aftershaves"
        },
        {
          "name": "men's toiletries",
          "label": "toiletries > men's toiletries"
        },
        {
          "name": "men's toiletries",
          "label": "men's > men's toiletries"
        },
        {
          "name": "perfume",
          "label": "fragrance > perfume"
        },
        {
          "name": "aftershave",
          "label": "fragrance > aftershave"
        },
        {
          "name": "gifts for him",
          "label": "gift > gifts for him"
        },
        {
          "name": "gifts for her",
          "label": "gift > gifts for her"
        },
        {
          "name": "aftershave",
          "label": "men's > aftershave"
        }
      ],
      [
        {
          "name": "aftershave",
          "label": "toiletries > men's toiletries > aftershave"
        },
        {
          "name": "aftershave",
          "label": "men's > men's toiletries > aftershave"
        },
        {
          "name": "all perfumes",
          "label": "fragrance > perfume > all perfumes"
        },
        {
          "name": "all aftershave",
          "label": "fragrance > aftershave > all aftershave"
        },
        {
          "name": "all aftershave",
          "label": "gift > gifts for him > all aftershave"
        },
        {
          "name": "all perfumes",
          "label": "gift > gifts for her > all perfumes"
        },
        {
          "name": "all aftershave",
          "label": "men's > aftershave > all aftershave"
        }
      ],
      [
        {
          "name": "all aftershave",
          "label": "toiletries > men's toiletries > aftershave > all aftershave"
        },
        {
          "name": "all aftershave",
          "label": "men's > men's toiletries > aftershave > all aftershave"
        }
      ]
    ],
    "reviews": {
      "average": 4.57,
      "count": 722,
      "rounded": 4
    },
    "parent": {
      "product": "2650648",
      "partNumber": "10308200.P",
      "model": "10308200",
      "manufacturerModel": "1122940"
    },
    "images": {
      "thumbnail": "https://boots.scene7.com/is/image/Boots/10308200?wid=45&hei=60&op_sharpen=1"
    },
    "offers": [
      {
        "text": "Save up to 20 percent on selected fragrances"
      }
    ],
    "actions": {},
    "iconUri": "https://boots.scene7.com/is/image/Boots/10308200?op_sharpen=1",
    "title": "Givenchy Gentleman Eau de Parfum Boisée 100ml",
    "referenceUri": "/givenchy-gentleman-eau-de-parfum-bois%C3%A9e-10308200",
    "canAddToBasket": "yes",
    "opticians": false,
    "inStock": true,
    "expressDelivery": false,
    "hasOtherPromotion": true,
    "channelPromotionalTextMap": {
      "-1": [
        "Save up to 20 percent on selected fragrances"
      ],
      "-6": [
        "Save up to 20 percent on selected fragrances"
      ]
    },
    "adCardPoints": 246
  },
  {
    "_id": {
      "$oid": "65ec108d9884656b92f558a3"
    },
    "ppuQuantity": "35ML",
    "pricing": {
      "perUnit": "£163.91 per 100ML",
      "regular": {
        "value": 67.5,
        "currency": "GBP",
        "text": "£67.50"
      },
      "current": {
        "value": 57.37,
        "currency": "GBP",
        "text": "£57.37"
      },
      "saving": {
        "value": 10.13,
        "currency": "GBP",
        "text": "£10.13"
      }
    },
    "objectId": "2426773",
    "brand": "Givenchy",
    "attributes": {
      "fragrance_scent": [
        "amber",
        "woody",
        "floral"
      ],
      "gender": "womens",
      "size": "31-40",
      "StockOverrideMessage": "STOCK_COMING_SOON",
      "fragrance_type": "eau de parfum",
      "format": "spray",
      "hasPriceAdvantageDeal": false,
      "Reporting_Category": "fragrance",
      "ProductReviewFlag": "1"
    },
    "variants": {
      "colours": [],
      "hasColours": false,
      "hasSizes": false
    },
    "categories": [
      [
        {
          "name": "fragrance",
          "label": "fragrance"
        },
        {
          "name": "gift",
          "label": "gift"
        },
        {
          "name": "beauty & skincare",
          "label": "beauty & skincare"
        }
      ],
      [
        {
          "name": "perfume",
          "label": "fragrance > perfume"
        },
        {
          "name": "gifts for her",
          "label": "gift > gifts for her"
        },
        {
          "name": "beauty minis",
          "label": "beauty & skincare > beauty minis"
        }
      ],
      [
        {
          "name": "all perfumes",
          "label": "fragrance > perfume > all perfumes"
        },
        {
          "name": "floral perfume",
          "label": "fragrance > perfume > floral perfume"
        },
        {
          "name": "amber perfume",
          "label": "fragrance > perfume > amber perfume"
        },
        {
          "name": "all perfumes",
          "label": "gift > gifts for her > all perfumes"
        }
      ]
    ],
    "reviews": {
      "average": 4.57,
      "count": 35,
      "rounded": 4
    },
    "parent": {
      "product": "2426772",
      "partNumber": "10285081.P",
      "model": "10285081",
      "manufacturerModel": "8948429"
    },
    "images": {
      "thumbnail": "https://boots.scene7.com/is/image/Boots/10285081?wid=45&hei=60&op_sharpen=1"
    },
    "offers": [
      {
        "text": "Save up to 20 percent on selected fragrances"
      }
    ],
    "actions": {},
    "iconUri": "https://boots.scene7.com/is/image/Boots/10285081?op_sharpen=1",
    "title": "Givenchy L'Interdit Eau de Parfum Intense 35ml",
    "referenceUri": "/givenchy-linterdit-eau-de-parfum-intense-35ml-10285081",
    "canAddToBasket": "yes",
    "opticians": false,
    "inStock": true,
    "expressDelivery": false,
    "hasOtherPromotion": true,
    "channelPromotionalTextMap": {
      "-1": [
        "Save up to 20 percent on selected fragrances"
      ],
      "-6": [
        "Save up to 20 percent on selected fragrances"
      ]
    },
    "adCardPoints": 171
  },
  {
    "_id": {
      "$oid": "65ec108d9884656b92f558a4"
    },
    "ppuQuantity": "100ML",
    "pricing": {
      "perUnit": "£78.20 per 100ML",
      "regular": {
        "value": 92,
        "currency": "GBP",
        "text": "£92.00"
      },
      "current": {
        "value": 78.2,
        "currency": "GBP",
        "text": "£78.20"
      },
      "saving": {
        "value": 13.8,
        "currency": "GBP",
        "text": "£13.80"
      }
    },
    "objectId": "2701129",
    "brand": "Viktor & Rolf",
    "attributes": {
      "fragrance_scent": "floral",
      "size": "71-100",
      "gender": "womens",
      "StockOverrideMessage": "STOCK_COMING_SOON",
      "fragrance_type": "eau de parfum",
      "hasPriceAdvantageDeal": false,
      "Reporting_Category": "fragrance",
      "ProductReviewFlag": "1"
    },
    "variants": {
      "colours": [],
      "hasColours": false,
      "hasSizes": false
    },
    "categories": [
      [
        {
          "name": "vegan",
          "label": "vegan"
        },
        {
          "name": "fragrance",
          "label": "fragrance"
        },
        {
          "name": "gift",
          "label": "gift"
        },
        {
          "name": "wellness",
          "label": "wellness"
        }
      ],
      [
        {
          "name": "perfume",
          "label": "fragrance > perfume"
        },
        {
          "name": "gifts for her",
          "label": "gift > gifts for her"
        },
        {
          "name": "vegan",
          "label": "wellness > vegan"
        },
        {
          "name": "luxury fragrance",
          "label": "fragrance > luxury fragrance"
        },
        {
          "name": "brands",
          "label": "fragrance > brands"
        },
        {
          "name": "5* rated perfumes & aftershaves",
          "label": "fragrance > 5* rated perfumes & aftershaves"
        },
        {
          "name": "vegan fragrance",
          "label": "fragrance > vegan fragrance"
        },
        {
          "name": "vegan fragrance",
          "label": "vegan > vegan fragrance"
        }
      ],
      [
        {
          "name": "all perfumes",
          "label": "fragrance > perfume > all perfumes"
        },
        {
          "name": "floral perfume",
          "label": "fragrance > perfume > floral perfume"
        },
        {
          "name": "perfume refill bottles",
          "label": "fragrance > perfume > perfume refill bottles"
        },
        {
          "name": "all perfumes",
          "label": "gift > gifts for her > all perfumes"
        },
        {
          "name": "vegan fragrance",
          "label": "wellness > vegan > vegan fragrance"
        }
      ]
    ],
    "reviews": {
      "average": 4.56,
      "count": 4811,
      "rounded": 4
    },
    "parent": {
      "product": "2701128",
      "partNumber": "10315128.P",
      "model": "10315128",
      "manufacturerModel": "3553094"
    },
    "images": {
      "thumbnail": "https://boots.scene7.com/is/image/Boots/10315128?wid=45&hei=60&op_sharpen=1"
    },
    "offers": [
      {
        "text": "Free gift when you buy selected Viktor and Rolf Good Fortune fragrances - online only, whilst stocks last"
      },
      {
        "text": "Save up to 20 percent on selected fragrances"
      }
    ],
    "actions": {},
    "iconUri": "https://boots.scene7.com/is/image/Boots/10315128?op_sharpen=1",
    "title": "Viktor & Rolf Good Fortune Eau De Parfum Refill 100ml",
    "referenceUri": "/viktorrolf-good-fortune-eau-de-parfum-refill-100ml-10315128",
    "canAddToBasket": "yes",
    "opticians": false,
    "inStock": true,
    "expressDelivery": false,
    "hasOtherPromotion": true,
    "channelPromotionalTextMap": {
      "-1": [
        "Free gift when you buy selected Viktor and Rolf Good Fortune fragrances - online only, whilst stocks last",
        "Save up to 20 percent on selected fragrances"
      ],
      "-6": [
        "Free gift when you buy selected Viktor and Rolf Good Fortune fragrances - online only, whilst stocks last",
        "Save up to 20 percent on selected fragrances"
      ]
    },
    "adCardPoints": 234
  },
  {
    "_id": {
      "$oid": "65ec108d9884656b92f558a5"
    },
    "ppuQuantity": "75ML",
    "pricing": {
      "perUnit": "£139.73 per 100ML",
      "regular": {
        "value": 131,
        "currency": "GBP",
        "text": "£131.00"
      },
      "current": {
        "value": 104.8,
        "currency": "GBP",
        "text": "£104.80"
      },
      "saving": {
        "value": 26.2,
        "currency": "GBP",
        "text": "£26.20"
      }
    },
    "objectId": "2871139",
    "brand": "Tiffany",
    "attributes": {
      "fragrance_scent": "floral",
      "product_type": "body spray",
      "StockOverrideMessage": "STOCK_COMING_SOON",
      "size": "71-100",
      "gender": "womens",
      "fragrance_type": "eau de parfum",
      "format": "spray",
      "hasPriceAdvantageDeal": false,
      "key_features": "long lasting",
      "ProductReviewFlag": "1"
    },
    "variants": {
      "colours": [],
      "hasColours": false,
      "hasSizes": false
    },
    "categories": [
      [
        {
          "name": "new in",
          "label": "new in"
        },
        {
          "name": "fragrance",
          "label": "fragrance"
        },
        {
          "name": "gift",
          "label": "gift"
        }
      ],
      [
        {
          "name": "new in fragrance",
          "label": "new in > new in fragrance"
        },
        {
          "name": "perfume",
          "label": "fragrance > perfume"
        },
        {
          "name": "gifts for her",
          "label": "gift > gifts for her"
        },
        {
          "name": "new in fragrance",
          "label": "fragrance > new in fragrance"
        }
      ],
      [
        {
          "name": "all perfumes",
          "label": "fragrance > perfume > all perfumes"
        },
        {
          "name": "floral perfume",
          "label": "fragrance > perfume > floral perfume"
        },
        {
          "name": "all perfumes",
          "label": "gift > gifts for her > all perfumes"
        }
      ]
    ],
    "reviews": {
      "average": 4.55,
      "count": 503,
      "rounded": 4
    },
    "parent": {
      "product": "2871138",
      "partNumber": "10333277.P",
      "model": "10333277",
      "manufacturerModel": "5766672"
    },
    "images": {
      "thumbnail": "https://boots.scene7.com/is/image/Boots/10333277?wid=45&hei=60&op_sharpen=1"
    },
    "offers": [
      {
        "text": "Free gift when you buy selected Tiffany and Co. Rose Gold fragrance - online only, whilst stocks last"
      },
      {
        "text": "Save up to 20 percent on selected fragrances"
      }
    ],
    "actions": {},
    "iconUri": "https://boots.scene7.com/is/image/Boots/10333277?op_sharpen=1",
    "title": "Tiffany & Co. Rose Gold Eau de Parfum Intense for Women 75ml",
    "referenceUri": "/tiffany-and-co-rose-gold-eau-de-parfum-intense-for-women-75ml-10333277",
    "canAddToBasket": "yes",
    "opticians": false,
    "inStock": true,
    "expressDelivery": false,
    "hasOtherPromotion": true,
    "channelPromotionalTextMap": {
      "-1": [
        "Free gift when you buy selected Tiffany and Co. Rose Gold fragrance - online only, whilst stocks last",
        "Save up to 20 percent on selected fragrances"
      ],
      "-6": [
        "Free gift when you buy selected Tiffany and Co. Rose Gold fragrance - online only, whilst stocks last",
        "Save up to 20 percent on selected fragrances"
      ]
    },
    "adCardPoints": 312
  },
  {
    "_id": {
      "$oid": "65ec108d9884656b92f558a6"
    },
    "ppuQuantity": "85ML",
    "pricing": {
      "perUnit": "£130.00 per 100ML",
      "regular": {
        "value": 130,
        "currency": "GBP",
        "text": "£130.00"
      },
      "current": {
        "value": 110.5,
        "currency": "GBP",
        "text": "£110.50"
      },
      "saving": {
        "value": 19.5,
        "currency": "GBP",
        "text": "£19.50"
      }
    },
    "objectId": "2579631",
    "brand": "Hermes",
    "attributes": {
      "fragrance_scent": [
        "spicy",
        "woody",
        "floral"
      ],
      "size": "71-100",
      "StockOverrideMessage": "STOCK_COMING_SOON",
      "fragrance_type": "eau de parfum",
      "hasPriceAdvantageDeal": false,
      "Reporting_Category": "fragrance",
      "ProductReviewFlag": "1"
    },
    "variants": {
      "colours": [],
      "hasColours": false,
      "hasSizes": false
    },
    "categories": [
      [
        {
          "name": "gift",
          "label": "gift"
        },
        {
          "name": "fragrance",
          "label": "fragrance"
        }
      ],
      [
        {
          "name": "Eid gifts",
          "label": "gift > Eid gifts"
        },
        {
          "name": "perfume",
          "label": "fragrance > perfume"
        },
        {
          "name": "gifts for her",
          "label": "gift > gifts for her"
        },
        {
          "name": "5* rated perfumes & aftershaves",
          "label": "fragrance > 5* rated perfumes & aftershaves"
        }
      ],
      [
        {
          "name": "all perfumes",
          "label": "fragrance > perfume > all perfumes"
        },
        {
          "name": "floral perfume",
          "label": "fragrance > perfume > floral perfume"
        },
        {
          "name": "all perfumes",
          "label": "gift > gifts for her > all perfumes"
        }
      ]
    ],
    "reviews": {
      "average": 4.54,
      "count": 287,
      "rounded": 4
    },
    "parent": {
      "product": "2579630",
      "partNumber": "10299760.P",
      "model": "10299760",
      "manufacturerModel": "4913434"
    },
    "images": {
      "thumbnail": "https://boots.scene7.com/is/image/Boots/10299760?wid=45&hei=60&op_sharpen=1"
    },
    "offers": [
      {
        "text": "Free gift when you buy selected Hermes fragrance - online only, whilst stocks last"
      },
      {
        "text": "Free gift when you buy selected Hermes fragrance - online only, whilst stocks last"
      },
      {
        "text": "Save up to 20 percent on selected fragrances"
      }
    ],
    "actions": {},
    "iconUri": "https://boots.scene7.com/is/image/Boots/10299760?op_sharpen=1",
    "title": "Twilly d'Hermès Eau Ginger, Eau de Parfum, 85ml",
    "referenceUri": "/hermes-twilly-eau-ginger-eau-de-parfum-85ml-10299760",
    "canAddToBasket": "yes",
    "opticians": false,
    "inStock": true,
    "expressDelivery": false,
    "hasOtherPromotion": true,
    "channelPromotionalTextMap": {
      "-1": [
        "Free gift when you buy selected Hermes fragrance - online only, whilst stocks last",
        "Free gift when you buy selected Hermes fragrance - online only, whilst stocks last",
        "Save up to 20 percent on selected fragrances"
      ],
      "-6": [
        "Free gift when you buy selected Hermes fragrance - online only, whilst stocks last",
        "Free gift when you buy selected Hermes fragrance - online only, whilst stocks last",
        "Save up to 20 percent on selected fragrances"
      ]
    },
    "adCardPoints": 330
  },
  {
    "_id": {
      "$oid": "65ec108d9884656b92f558a7"
    },
    "ppuQuantity": "50ML",
    "pricing": {
      "perUnit": "£144.50 per 100ML",
      "regular": {
        "value": 85,
        "currency": "GBP",
        "text": "£85.00"
      },
      "current": {
        "value": 72.25,
        "currency": "GBP",
        "text": "£72.25"
      },
      "saving": {
        "value": 12.75,
        "currency": "GBP",
        "text": "£12.75"
      }
    },
    "objectId": "1751622",
    "brand": "Givenchy",
    "attributes": {
      "fragrance_scent": [
        "vanilla",
        "floral",
        "woody"
      ],
      "gender": "womens",
      "size": "41-50",
      "StockOverrideMessage": "STOCK_COMING_SOON",
      "parentCategory_UK": "33071",
      "fragrance_type": "eau de parfum",
      "hasPriceAdvantageDeal": false,
      "Reporting_Category": "fragrance",
      "ProductReviewFlag": "1"
    },
    "variants": {
      "colours": [],
      "hasColours": false,
      "hasSizes": false
    },
    "categories": [
      [
        {
          "name": "fragrance",
          "label": "fragrance"
        },
        {
          "name": "gift",
          "label": "gift"
        }
      ],
      [
        {
          "name": "perfume",
          "label": "fragrance > perfume"
        },
        {
          "name": "fragrance offers",
          "label": "fragrance > fragrance offers"
        },
        {
          "name": "gifts for her",
          "label": "gift > gifts for her"
        }
      ],
      [
        {
          "name": "all perfumes",
          "label": "fragrance > perfume > all perfumes"
        },
        {
          "name": "vanilla perfume",
          "label": "fragrance > perfume > vanilla perfume"
        },
        {
          "name": "floral perfume",
          "label": "fragrance > perfume > floral perfume"
        },
        {
          "name": "Save 15% on 100s of fragrances",
          "label": "fragrance > fragrance offers > Save 15% on 100s of fragrances"
        },
        {
          "name": "all perfumes",
          "label": "gift > gifts for her > all perfumes"
        }
      ]
    ],
    "reviews": {
      "average": 4.53,
      "count": 32,
      "rounded": 4
    },
    "parent": {
      "product": "1751621",
      "partNumber": "10204089.P",
      "model": "10204089",
      "manufacturerModel": "6421245"
    },
    "images": {
      "thumbnail": "https://boots.scene7.com/is/image/Boots/10204089?wid=45&hei=60&op_sharpen=1"
    },
    "offers": [
      {
        "text": "Save up to 20 percent on selected fragrances"
      }
    ],
    "actions": {},
    "iconUri": "https://boots.scene7.com/is/image/Boots/10204089?op_sharpen=1",
    "title": "Givenchy Organza Eau de Parfum 50ml",
    "referenceUri": "/givenchy-organza-eau-de-parfum-50ml-10204089",
    "canAddToBasket": "yes",
    "opticians": false,
    "inStock": true,
    "expressDelivery": false,
    "hasOtherPromotion": true,
    "channelPromotionalTextMap": {
      "-1": [
        "Save up to 20 percent on selected fragrances"
      ],
      "-6": [
        "Save up to 20 percent on selected fragrances"
      ]
    },
    "adCardPoints": 216
  },
  {
    "_id": {
      "$oid": "65ec108d9884656b92f558a8"
    },
    "ppuQuantity": "50ML",
    "pricing": {
      "perUnit": "£119.00 per 100ML",
      "regular": {
        "value": 70,
        "currency": "GBP",
        "text": "£70.00"
      },
      "current": {
        "value": 59.5,
        "currency": "GBP",
        "text": "£59.50"
      },
      "saving": {
        "value": 10.5,
        "currency": "GBP",
        "text": "£10.50"
      }
    },
    "objectId": "1661618",
    "brand": "Clinique",
    "attributes": {
      "fragrance_scent": [
        "amber",
        "aromatic",
        "woody",
        "floral"
      ],
      "StockOverrideMessage": "STOCK_COMING_SOON",
      "size": "41-50",
      "parentCategory_UK": "33029",
      "format": "spray",
      "fragrance_type": [
        "eau de parfum",
        "eau de toilette"
      ],
      "hasPriceAdvantageDeal": false,
      "body_area": "body",
      "ProductReviewFlag": "1"
    },
    "variants": {
      "colours": [],
      "hasColours": false,
      "hasSizes": false
    },
    "categories": [
      [
        {
          "name": "fragrance",
          "label": "fragrance"
        },
        {
          "name": "beauty & skincare",
          "label": "beauty & skincare"
        },
        {
          "name": "gift",
          "label": "gift"
        }
      ],
      [
        {
          "name": "perfume",
          "label": "fragrance > perfume"
        },
        {
          "name": "premium beauty & skincare",
          "label": "beauty & skincare > premium beauty & skincare"
        },
        {
          "name": "gifts for her",
          "label": "gift > gifts for her"
        }
      ],
      [
        {
          "name": "save up to 25% across selected premium beauty and No7",
          "label": "beauty & skincare > premium beauty & skincare > save up to 25% across selected premium beauty and No7"
        },
        {
          "name": "all perfumes",
          "label": "fragrance > perfume > all perfumes"
        },
        {
          "name": "floral perfume",
          "label": "fragrance > perfume > floral perfume"
        },
        {
          "name": "amber perfume",
          "label": "fragrance > perfume > amber perfume"
        },
        {
          "name": "all perfumes",
          "label": "gift > gifts for her > all perfumes"
        }
      ]
    ],
    "reviews": {
      "average": 4.52,
      "count": 31,
      "rounded": 4
    },
    "parent": {
      "product": "1661617",
      "partNumber": "10192138.P",
      "model": "10192138",
      "manufacturerModel": "6256090"
    },
    "images": {
      "thumbnail": "https://boots.scene7.com/is/image/Boots/10192138?wid=45&hei=60&op_sharpen=1"
    },
    "offers": [
      {
        "text": "Free gift when you spend £65 or more on selected Clinique - online only while stocks last"
      },
      {
        "text": "Save up to 25 percent across selected Premium Beauty"
      }
    ],
    "actions": {},
    "iconUri": "https://boots.scene7.com/is/image/Boots/10192138?op_sharpen=1",
    "title": "Clinique Aromatics In White EDP 50ml",
    "referenceUri": "/clinique-aromatics-in-white-edp-50ml-10192138",
    "canAddToBasket": "yes",
    "opticians": false,
    "inStock": true,
    "expressDelivery": false,
    "hasOtherPromotion": true,
    "channelPromotionalTextMap": {
      "-1": [
        "Free gift when you spend £65 or more on selected Clinique - online only while stocks last",
        "Save up to 25 percent across selected Premium Beauty"
      ],
      "-6": [
        "Free gift when you spend £65 or more on selected Clinique - online only while stocks last",
        "Save up to 25 percent across selected Premium Beauty"
      ]
    },
    "adCardPoints": 177
  },
  {
    "_id": {
      "$oid": "65ec108d9884656b92f558a9"
    },
    "ppuQuantity": "30ML",
    "pricing": {
      "perUnit": "£127.50 per 100ML",
      "regular": {
        "value": 45,
        "currency": "GBP",
        "text": "£45.00"
      },
      "current": {
        "value": 38.25,
        "currency": "GBP",
        "text": "£38.25"
      },
      "saving": {
        "value": 6.75,
        "currency": "GBP",
        "text": "£6.75"
      }
    },
    "objectId": "1154501",
    "brand": "Juicy Couture",
    "attributes": {
      "fragrance_scent": [
        "jasmine",
        "vanilla",
        "fruity"
      ],
      "StockOverrideMessage": "SOLD_OUT",
      "gender": "womens",
      "Size": "30ml",
      "parentCategory_UK": "33071",
      "fragrance_type": "eau de parfum",
      "hasPriceAdvantageDeal": false,
      "Reporting_Category": "fragrance",
      "ProductReviewFlag": "1"
    },
    "variants": {
      "colours": [],
      "hasColours": false,
      "hasSizes": false
    },
    "categories": [
      [
        {
          "name": "fragrance",
          "label": "fragrance"
        },
        {
          "name": "gift",
          "label": "gift"
        }
      ],
      [
        {
          "name": "fragrance offers",
          "label": "fragrance > fragrance offers"
        },
        {
          "name": "perfume",
          "label": "fragrance > perfume"
        },
        {
          "name": "gifts for her",
          "label": "gift > gifts for her"
        }
      ],
      [
        {
          "name": "all perfumes",
          "label": "fragrance > perfume > all perfumes"
        },
        {
          "name": "vanilla perfume",
          "label": "fragrance > perfume > vanilla perfume"
        },
        {
          "name": "all perfumes",
          "label": "gift > gifts for her > all perfumes"
        }
      ]
    ],
    "reviews": {
      "average": 4.51,
      "count": 187,
      "rounded": 4
    },
    "parent": {
      "product": "1154500",
      "partNumber": "10119016.P",
      "model": "10119016",
      "manufacturerModel": "4844696"
    },
    "images": {
      "thumbnail": "https://boots.scene7.com/is/image/Boots/10119016?wid=45&hei=60&op_sharpen=1"
    },
    "offers": [
      {
        "text": "Save up to 20 percent on selected fragrances"
      }
    ],
    "actions": {},
    "iconUri": "https://boots.scene7.com/is/image/Boots/10119016?op_sharpen=1",
    "title": "Juicy Couture Viva La Juicy Eau de Parfum 30ml",
    "referenceUri": "/juicy-couture-viva-la-juicy-eau-de-parfum-30ml-10119016",
    "canAddToBasket": "yes",
    "opticians": false,
    "inStock": true,
    "expressDelivery": false,
    "hasOtherPromotion": true,
    "channelPromotionalTextMap": {
      "-1": [
        "Save up to 20 percent on selected fragrances"
      ],
      "-6": [
        "Save up to 20 percent on selected fragrances"
      ]
    },
    "adCardPoints": 114
  },
  {
    "_id": {
      "$oid": "65ec108d9884656b92f558aa"
    },
    "ppuQuantity": "50ML",
    "pricing": {
      "perUnit": "£54.00 per 100ML",
      "regular": {
        "value": 36,
        "currency": "GBP",
        "text": "£36.00"
      },
      "current": {
        "value": 27,
        "currency": "GBP",
        "text": "£27.00"
      },
      "saving": {
        "value": 9,
        "currency": "GBP",
        "text": "£9.00"
      }
    },
    "objectId": "2191443",
    "brand": "Elizabeth Arden",
    "attributes": {
      "fragrance_scent": "floral",
      "size": "41-50",
      "StockOverrideMessage": "STOCK_COMING_SOON",
      "fragrance_type": [
        "eau de toilette",
        "eau de parfum"
      ],
      "format": "spray",
      "hasPriceAdvantageDeal": false,
      "Reporting_Category": "fragrance",
      "ProductReviewFlag": "1"
    },
    "variants": {
      "colours": [],
      "hasColours": false,
      "hasSizes": false
    },
    "categories": [
      [
        {
          "name": "fragrance",
          "label": "fragrance"
        },
        {
          "name": "beauty & skincare",
          "label": "beauty & skincare"
        },
        {
          "name": "gift",
          "label": "gift"
        }
      ],
      [
        {
          "name": "perfume",
          "label": "fragrance > perfume"
        },
        {
          "name": "premium beauty & skincare",
          "label": "beauty & skincare > premium beauty & skincare"
        },
        {
          "name": "gifts for her",
          "label": "gift > gifts for her"
        }
      ],
      [
        {
          "name": "save up to 25% across selected premium beauty and No7",
          "label": "beauty & skincare > premium beauty & skincare > save up to 25% across selected premium beauty and No7"
        },
        {
          "name": "all perfumes",
          "label": "fragrance > perfume > all perfumes"
        },
        {
          "name": "floral perfume",
          "label": "fragrance > perfume > floral perfume"
        },
        {
          "name": "all perfumes",
          "label": "gift > gifts for her > all perfumes"
        }
      ]
    ],
    "reviews": {
      "average": 4.47,
      "count": 608,
      "rounded": 4
    },
    "parent": {
      "product": "2191442",
      "partNumber": "10257231.P",
      "model": "10257231",
      "manufacturerModel": "8286353"
    },
    "images": {
      "thumbnail": "https://boots.scene7.com/is/image/Boots/10257231?wid=45&hei=60&op_sharpen=1"
    },
    "offers": [
      {
        "text": "Spend £45 on selected Elizabeth Arden and receive Elizabeth Arden Icons Set for £75, worth £281"
      },
      {
        "text": "Save up to 25 percent across selected Premium Beauty"
      }
    ],
    "actions": {},
    "iconUri": "https://boots.scene7.com/is/image/Boots/10257231?op_sharpen=1",
    "title": "Elizabeth Arden My 5th Avenue Eau de Parfum 50ml",
    "referenceUri": "/elizabeth-arden-my-5th-avenue-eau-de-parfum-50ml-10257231",
    "canAddToBasket": "yes",
    "opticians": false,
    "inStock": true,
    "expressDelivery": false,
    "hasOtherPromotion": true,
    "channelPromotionalTextMap": {
      "-1": [
        "Spend £45 on selected Elizabeth Arden and receive Elizabeth Arden Icons Set for £75, worth £281",
        "Save up to 25 percent across selected Premium Beauty"
      ],
      "-6": [
        "Spend £45 on selected Elizabeth Arden and receive Elizabeth Arden Icons Set for £75, worth £281",
        "Save up to 25 percent across selected Premium Beauty"
      ]
    },
    "adCardPoints": 81
  },
  {
    "_id": {
      "$oid": "65ec108d9884656b92f558ab"
    },
    "ppuQuantity": "30ML",
    "pricing": {
      "perUnit": "£141.33 per 100ML",
      "regular": {
        "value": 53,
        "currency": "GBP",
        "text": "£53.00"
      },
      "current": {
        "value": 42.4,
        "currency": "GBP",
        "text": "£42.40"
      },
      "saving": {
        "value": 10.6,
        "currency": "GBP",
        "text": "£10.60"
      }
    },
    "objectId": "2431525",
    "brand": "Tiffany",
    "attributes": {
      "fragrance_scent": "floral",
      "gender": "womens",
      "size": "21-30",
      "StockOverrideMessage": "STOCK_COMING_SOON",
      "fragrance_type": "eau de toilette",
      "format": "spray",
      "hasPriceAdvantageDeal": false,
      "Reporting_Category": "fragrance",
      "ProductReviewFlag": "1"
    },
    "variants": {
      "colours": [],
      "hasColours": false,
      "hasSizes": false
    },
    "categories": [
      [
        {
          "name": "fragrance",
          "label": "fragrance"
        },
        {
          "name": "gift",
          "label": "gift"
        }
      ],
      [
        {
          "name": "perfume",
          "label": "fragrance > perfume"
        },
        {
          "name": "gifts for her",
          "label": "gift > gifts for her"
        }
      ],
      [
        {
          "name": "all perfumes",
          "label": "fragrance > perfume > all perfumes"
        },
        {
          "name": "floral perfume",
          "label": "fragrance > perfume > floral perfume"
        },
        {
          "name": "all perfumes",
          "label": "gift > gifts for her > all perfumes"
        }
      ]
    ],
    "reviews": {
      "average": 4.46,
      "count": 393,
      "rounded": 4
    },
    "parent": {
      "product": "2431524",
      "partNumber": "10285628.P",
      "model": "10285628",
      "manufacturerModel": "8961654"
    },
    "images": {
      "thumbnail": "https://boots.scene7.com/is/image/Boots/10285628?wid=45&hei=60&op_sharpen=1"
    },
    "offers": [
      {
        "text": "Save up to 20 percent on selected fragrances"
      }
    ],
    "actions": {},
    "iconUri": "https://boots.scene7.com/is/image/Boots/10285628?op_sharpen=1",
    "title": "TIFFANY & CO. Tiffany Sheer Eau de Toilette for Her 30ml",
    "referenceUri": "/tiffany-co-tiffany-sheer-eau-de-toilette-30ml-10285628",
    "canAddToBasket": "yes",
    "opticians": false,
    "inStock": true,
    "expressDelivery": false,
    "hasOtherPromotion": true,
    "channelPromotionalTextMap": {
      "-1": [
        "Save up to 20 percent on selected fragrances"
      ],
      "-6": [
        "Save up to 20 percent on selected fragrances"
      ]
    },
    "adCardPoints": 126
  },
  {
    "_id": {
      "$oid": "65ec108d9884656b92f558ac"
    },
    "ppuQuantity": "30ML",
    "pricing": {
      "perUnit": "£176.67 per 100ML",
      "regular": {
        "value": 53,
        "currency": "GBP",
        "text": "£53.00"
      },
      "current": {
        "value": 53,
        "currency": "GBP",
        "text": "£53.00"
      }
    },
    "objectId": "2379925",
    "brand": "Kenzo",
    "attributes": {
      "fragrance_scent": [
        "musk",
        "vanilla"
      ],
      "StockOverrideMessage": "STOCK_COMING_SOON",
      "gender": "womens",
      "size": "21-30",
      "fragrance_type": "eau de parfum",
      "format": "spray",
      "hasPriceAdvantageDeal": false,
      "Reporting_Category": "fragrance",
      "ProductReviewFlag": "1"
    },
    "variants": {
      "colours": [],
      "hasColours": false,
      "hasSizes": false
    },
    "categories": [
      [
        {
          "name": "fragrance",
          "label": "fragrance"
        },
        {
          "name": "gift",
          "label": "gift"
        }
      ],
      [
        {
          "name": "5* rated perfumes & aftershaves",
          "label": "fragrance > 5* rated perfumes & aftershaves"
        },
        {
          "name": "perfume",
          "label": "fragrance > perfume"
        },
        {
          "name": "gifts for her",
          "label": "gift > gifts for her"
        }
      ],
      [
        {
          "name": "all perfumes",
          "label": "fragrance > perfume > all perfumes"
        },
        {
          "name": "vanilla perfume",
          "label": "fragrance > perfume > vanilla perfume"
        },
        {
          "name": "musky perfume",
          "label": "fragrance > perfume > musky perfume"
        },
        {
          "name": "all perfumes",
          "label": "gift > gifts for her > all perfumes"
        }
      ]
    ],
    "reviews": {
      "average": 4.45,
      "count": 117,
      "rounded": 4
    },
    "parent": {
      "product": "2379924",
      "partNumber": "10278306.P",
      "model": "10278306",
      "manufacturerModel": "8763674"
    },
    "images": {
      "thumbnail": "https://boots.scene7.com/is/image/Boots/10278306?wid=45&hei=60&op_sharpen=1"
    },
    "offers": [],
    "actions": {},
    "iconUri": "https://boots.scene7.com/is/image/Boots/10278306?op_sharpen=1",
    "title": "Kenzo Flower By Kenzo Eau de Parfum 30ml",
    "referenceUri": "/kenzo-flower-by-kenzo-edp-30ml-10278306",
    "canAddToBasket": "yes",
    "opticians": false,
    "inStock": true,
    "expressDelivery": false,
    "hasOtherPromotion": false,
    "channelPromotionalTextMap": {
      "-1": [],
      "-6": []
    },
    "adCardPoints": 159
  },
  {
    "_id": {
      "$oid": "65ec108d9884656b92f558ad"
    },
    "ppuQuantity": "100ML",
    "pricing": {
      "perUnit": "£56.66 per 100ML",
      "regular": {
        "value": 85,
        "currency": "GBP",
        "text": "£85.00"
      },
      "current": {
        "value": 56.66,
        "currency": "GBP",
        "text": "£56.66"
      },
      "saving": {
        "value": 28.34,
        "currency": "GBP",
        "text": "£28.34"
      }
    },
    "objectId": "2250054",
    "brand": "Moschino",
    "attributes": {
      "fragrance_scent": [
        "musk",
        "floral",
        "woody"
      ],
      "gender": "womens",
      "StockOverrideMessage": "STOCK_COMING_SOON",
      "size": "71-100",
      "fragrance_type": "eau de parfum",
      "hasPriceAdvantageDeal": false,
      "Reporting_Category": "fragrance",
      "ProductReviewFlag": "1"
    },
    "variants": {
      "colours": [],
      "hasColours": false,
      "hasSizes": false
    },
    "categories": [
      [
        {
          "name": "mother's day",
          "label": "mother's day"
        },
        {
          "name": "fragrance",
          "label": "fragrance"
        },
        {
          "name": "gift",
          "label": "gift"
        }
      ],
      [
        {
          "name": "shop all",
          "label": "mother's day > shop all"
        },
        {
          "name": "perfume",
          "label": "fragrance > perfume"
        },
        {
          "name": "fragrance offers",
          "label": "fragrance > fragrance offers"
        },
        {
          "name": "gifts for her",
          "label": "gift > gifts for her"
        }
      ],
      [
        {
          "name": "all perfumes",
          "label": "fragrance > perfume > all perfumes"
        },
        {
          "name": "musky perfume",
          "label": "fragrance > perfume > musky perfume"
        },
        {
          "name": "floral perfume",
          "label": "fragrance > perfume > floral perfume"
        },
        {
          "name": "save up to half price",
          "label": "fragrance > fragrance offers > save up to half price"
        },
        {
          "name": "all perfumes",
          "label": "gift > gifts for her > all perfumes"
        }
      ]
    ],
    "reviews": {
      "average": 4.4,
      "count": 467,
      "rounded": 4
    },
    "parent": {
      "product": "2250053",
      "partNumber": "10262587.P",
      "model": "10262587",
      "manufacturerModel": "8465290"
    },
    "images": {
      "thumbnail": "https://boots.scene7.com/is/image/Boots/10262587?wid=45&hei=60&op_sharpen=1"
    },
    "offers": [
      {
        "text": "Save up to 1/2 price on selected fragrances"
      }
    ],
    "actions": {},
    "iconUri": "https://boots.scene7.com/is/image/Boots/10262587?op_sharpen=1",
    "title": "Moschino Toy 2 Eau de Parfum 100ml",
    "referenceUri": "/moschino-toy-2-eau-de-parfum-100ml-10262587",
    "canAddToBasket": "yes",
    "opticians": false,
    "inStock": true,
    "expressDelivery": false,
    "hasOtherPromotion": true,
    "channelPromotionalTextMap": {
      "-1": [
        "Save up to 1/2 price on selected fragrances"
      ],
      "-6": [
        "Save up to 1/2 price on selected fragrances"
      ]
    },
    "adCardPoints": 168
  },
  {
    "_id": {
      "$oid": "65ec108d9884656b92f558ae"
    },
    "ppuQuantity": "20ML",
    "pricing": {
      "perUnit": "£221.00 per 100ML",
      "regular": {
        "value": 52,
        "currency": "GBP",
        "text": "£52.00"
      },
      "current": {
        "value": 44.2,
        "currency": "GBP",
        "text": "£44.20"
      },
      "saving": {
        "value": 7.8,
        "currency": "GBP",
        "text": "£7.80"
      }
    },
    "objectId": "2488006",
    "brand": "Christian Dior",
    "attributes": {
      "size": "11-20",
      "StockOverrideMessage": "STOCK_COMING_SOON",
      "fragrance_type": "eau de parfum",
      "hasPriceAdvantageDeal": false,
      "Reporting_Category": "fragrance",
      "ProductReviewFlag": "1"
    },
    "variants": {
      "colours": [],
      "hasColours": false,
      "hasSizes": false
    },
    "categories": [
      [
        {
          "name": "fragrance",
          "label": "fragrance"
        },
        {
          "name": "gift",
          "label": "gift"
        },
        {
          "name": "beauty & skincare",
          "label": "beauty & skincare"
        }
      ],
      [
        {
          "name": "perfume",
          "label": "fragrance > perfume"
        },
        {
          "name": "gifts for her",
          "label": "gift > gifts for her"
        },
        {
          "name": "beauty minis",
          "label": "beauty & skincare > beauty minis"
        }
      ],
      [
        {
          "name": "all perfumes",
          "label": "fragrance > perfume > all perfumes"
        },
        {
          "name": "all perfumes",
          "label": "gift > gifts for her > all perfumes"
        }
      ]
    ],
    "reviews": {
      "average": 4.34,
      "count": 223,
      "rounded": 4
    },
    "parent": {
      "product": "2488005",
      "partNumber": "10290742.P",
      "model": "10290742",
      "manufacturerModel": "2344777"
    },
    "images": {
      "thumbnail": "https://boots.scene7.com/is/image/Boots/10290742?wid=45&hei=60&op_sharpen=1"
    },
    "offers": [
      {
        "text": "Save up to 20 percent on selected fragrances"
      }
    ],
    "actions": {},
    "iconUri": "https://boots.scene7.com/is/image/Boots/10290742?op_sharpen=1",
    "title": "Dior J'Adore Infinissime Eau De Parfum Rollerpearl 20ml",
    "referenceUri": "/dior-jadore-infinissime-eau-de-parfum-roller-pearl-10290742",
    "canAddToBasket": "yes",
    "opticians": false,
    "inStock": true,
    "expressDelivery": false,
    "hasOtherPromotion": true,
    "channelPromotionalTextMap": {
      "-1": [
        "Save up to 20 percent on selected fragrances"
      ],
      "-6": [
        "Save up to 20 percent on selected fragrances"
      ]
    },
    "adCardPoints": 132
  },
  {
    "_id": {
      "$oid": "65ec108d9884656b92f558af"
    },
    "ppuQuantity": "50ML",
    "pricing": {
      "perUnit": "£158.10 per 100ML",
      "regular": {
        "value": 93,
        "currency": "GBP",
        "text": "£93.00"
      },
      "current": {
        "value": 79.05,
        "currency": "GBP",
        "text": "£79.05"
      },
      "saving": {
        "value": 13.95,
        "currency": "GBP",
        "text": "£13.95"
      }
    },
    "objectId": "2849637",
    "brand": "Givenchy",
    "attributes": {
      "fragrance_scent": [
        "woody",
        "floral"
      ],
      "product_type": "body spray",
      "StockOverrideMessage": "STOCK_COMING_SOON",
      "gender": "womens",
      "size": "41-50",
      "fragrance_type": "eau de parfum",
      "format": "spray",
      "hasPriceAdvantageDeal": false,
      "ProductReviewFlag": "1"
    },
    "variants": {
      "colours": [],
      "hasColours": false,
      "hasSizes": false
    },
    "categories": [
      [
        {
          "name": "fragrance",
          "label": "fragrance"
        },
        {
          "name": "gift",
          "label": "gift"
        },
        {
          "name": "new in",
          "label": "new in"
        }
      ],
      [
        {
          "name": "perfume",
          "label": "fragrance > perfume"
        },
        {
          "name": "gifts for her",
          "label": "gift > gifts for her"
        },
        {
          "name": "new in fragrance",
          "label": "fragrance > new in fragrance"
        },
        {
          "name": "brands",
          "label": "fragrance > brands"
        },
        {
          "name": "new in fragrance",
          "label": "new in > new in fragrance"
        }
      ],
      [
        {
          "name": "all perfumes",
          "label": "fragrance > perfume > all perfumes"
        },
        {
          "name": "floral perfume",
          "label": "fragrance > perfume > floral perfume"
        },
        {
          "name": "all perfumes",
          "label": "gift > gifts for her > all perfumes"
        }
      ]
    ],
    "reviews": {
      "average": 4.21,
      "count": 444,
      "rounded": 4
    },
    "parent": {
      "product": "2849636",
      "partNumber": "10330200.P",
      "model": "10330200",
      "manufacturerModel": "5709636"
    },
    "images": {
      "thumbnail": "https://boots.scene7.com/is/image/Boots/10330200?wid=45&hei=60&op_sharpen=1"
    },
    "offers": [
      {
        "text": "Free gift when you buy selected Givenchy - whilst stocks last"
      },
      {
        "text": "Save up to 20 percent on selected fragrances"
      }
    ],
    "actions": {},
    "iconUri": "https://boots.scene7.com/is/image/Boots/10330200?op_sharpen=1",
    "title": "Givenchy l'Interdit Eau de Parfum Rouge Ultime 50ml",
    "referenceUri": "/givenchy-l-interdit-eau-de-parfum-rouge-ultime-50ml-10330200",
    "canAddToBasket": "yes",
    "opticians": false,
    "inStock": true,
    "expressDelivery": false,
    "hasOtherPromotion": true,
    "channelPromotionalTextMap": {
      "-1": [
        "Free gift when you buy selected Givenchy - whilst stocks last",
        "Save up to 20 percent on selected fragrances"
      ],
      "-6": [
        "Free gift when you buy selected Givenchy - whilst stocks last",
        "Save up to 20 percent on selected fragrances"
      ]
    },
    "adCardPoints": 237
  },
  {
    "_id": {
      "$oid": "65ec108d9884656b92f558b0"
    },
    "ppuQuantity": "45ML",
    "pricing": {
      "perUnit": "£98.22 per 100ML",
      "regular": {
        "value": 52,
        "currency": "GBP",
        "text": "£52.00"
      },
      "current": {
        "value": 44.2,
        "currency": "GBP",
        "text": "£44.20"
      },
      "saving": {
        "value": 7.8,
        "currency": "GBP",
        "text": "£7.80"
      }
    },
    "objectId": "4156",
    "brand": "Clinique",
    "attributes": {
      "fragrance_scent": [
        "floral",
        "woody",
        "aromatic"
      ],
      "size": "41-50",
      "StockOverrideMessage": "STOCK_COMING_SOON",
      "Size": [
        "45 ml",
        "45ml"
      ],
      "parentCategory_UK": "33029",
      "fragrance_type": "eau de toilette",
      "format": "spray",
      "hasPriceAdvantageDeal": false,
      "Reporting_Category": "fragrance",
      "ProductReviewFlag": "1"
    },
    "variants": {
      "colours": [],
      "hasColours": false,
      "hasSizes": false
    },
    "categories": [
      [
        {
          "name": "fragrance",
          "label": "fragrance"
        },
        {
          "name": "beauty & skincare",
          "label": "beauty & skincare"
        },
        {
          "name": "gift",
          "label": "gift"
        }
      ],
      [
        {
          "name": "perfume",
          "label": "fragrance > perfume"
        },
        {
          "name": "premium beauty & skincare",
          "label": "beauty & skincare > premium beauty & skincare"
        },
        {
          "name": "gifts for her",
          "label": "gift > gifts for her"
        }
      ],
      [
        {
          "name": "save up to 25% across selected premium beauty and No7",
          "label": "beauty & skincare > premium beauty & skincare > save up to 25% across selected premium beauty and No7"
        },
        {
          "name": "all perfumes",
          "label": "fragrance > perfume > all perfumes"
        },
        {
          "name": "floral perfume",
          "label": "fragrance > perfume > floral perfume"
        },
        {
          "name": "all perfumes",
          "label": "gift > gifts for her > all perfumes"
        }
      ]
    ],
    "reviews": {
      "average": 4.15,
      "count": 41,
      "rounded": 4
    },
    "parent": {
      "product": "4155",
      "partNumber": "10014406.P",
      "model": "10014406",
      "manufacturerModel": "2596059"
    },
    "images": {
      "thumbnail": "https://boots.scene7.com/is/image/Boots/10014406?wid=45&hei=60&op_sharpen=1"
    },
    "offers": [
      {
        "text": "Free gift when you spend £65 or more on selected Clinique - online only while stocks last"
      },
      {
        "text": "Save up to 25 percent across selected Premium Beauty"
      }
    ],
    "actions": {},
    "iconUri": "https://boots.scene7.com/is/image/Boots/10014406?op_sharpen=1",
    "title": "Clinique Aromatics Elixir Eau De Toilette 45ml",
    "referenceUri": "/clinique-aromatics-elixir-eau-de-toilette-45ml-10014406",
    "canAddToBasket": "yes",
    "opticians": false,
    "inStock": true,
    "expressDelivery": false,
    "hasOtherPromotion": true,
    "channelPromotionalTextMap": {
      "-1": [
        "Free gift when you spend £65 or more on selected Clinique - online only while stocks last",
        "Save up to 25 percent across selected Premium Beauty"
      ],
      "-6": [
        "Free gift when you spend £65 or more on selected Clinique - online only while stocks last",
        "Save up to 25 percent across selected Premium Beauty"
      ]
    },
    "adCardPoints": 132
  },
  {
    "_id": {
      "$oid": "65ec108d9884656b92f558b1"
    },
    "ppuQuantity": "80ML",
    "pricing": {
      "perUnit": "£96.69 per 100ML",
      "regular": {
        "value": 91,
        "currency": "GBP",
        "text": "£91.00"
      },
      "current": {
        "value": 77.35,
        "currency": "GBP",
        "text": "£77.35"
      },
      "saving": {
        "value": 13.65,
        "currency": "GBP",
        "text": "£13.65"
      }
    },
    "objectId": "2687139",
    "brand": "Givenchy",
    "attributes": {
      "gender": "mens",
      "size": "101-150",
      "StockOverrideMessage": "STOCK_COMING_SOON",
      "fragrance_type": "eau de toilette",
      "hasPriceAdvantageDeal": false,
      "ProductReviewFlag": "1"
    },
    "variants": {
      "colours": [],
      "hasColours": false,
      "hasSizes": false
    },
    "categories": [
      [
        {
          "name": "fragrance",
          "label": "fragrance"
        },
        {
          "name": "gift",
          "label": "gift"
        }
      ],
      [
        {
          "name": "perfume",
          "label": "fragrance > perfume"
        },
        {
          "name": "recommended",
          "label": "fragrance > recommended"
        },
        {
          "name": "gifts for her",
          "label": "gift > gifts for her"
        }
      ],
      [
        {
          "name": "all perfumes",
          "label": "fragrance > perfume > all perfumes"
        },
        {
          "name": "best summer fragrances",
          "label": "fragrance > recommended > best summer fragrances"
        },
        {
          "name": "best floral perfumes",
          "label": "fragrance > recommended > best floral perfumes"
        },
        {
          "name": "all perfumes",
          "label": "gift > gifts for her > all perfumes"
        }
      ]
    ],
    "reviews": {
      "average": 4.15,
      "count": 350,
      "rounded": 4
    },
    "parent": {
      "product": "2687138",
      "partNumber": "10313405.P",
      "model": "10313405",
      "manufacturerModel": "3066444"
    },
    "images": {
      "thumbnail": "https://boots.scene7.com/is/image/Boots/10313405?wid=45&hei=60&op_sharpen=1"
    },
    "offers": [
      {
        "text": "Free gift when you buy selected Givenchy - whilst stocks last"
      },
      {
        "text": "Save up to 20 percent on selected fragrances"
      }
    ],
    "actions": {},
    "iconUri": "https://boots.scene7.com/is/image/Boots/10313405?op_sharpen=1",
    "title": "Givenchy L’Interdit Eau de Toilette 80ml",
    "referenceUri": "/givenchy-l%E2%80%99interdit-eau-de-toilette-10313405",
    "canAddToBasket": "yes",
    "opticians": false,
    "inStock": true,
    "expressDelivery": false,
    "hasOtherPromotion": true,
    "channelPromotionalTextMap": {
      "-1": [
        "Free gift when you buy selected Givenchy - whilst stocks last",
        "Save up to 20 percent on selected fragrances"
      ],
      "-6": [
        "Free gift when you buy selected Givenchy - whilst stocks last",
        "Save up to 20 percent on selected fragrances"
      ]
    },
    "adCardPoints": 231
  },
  {
    "_id": {
      "$oid": "65ec108d9884656b92f558b2"
    },
    "ppuQuantity": "15ML",
    "pricing": {
      "perUnit": "£170.00 per 100ML",
      "regular": {
        "value": 30,
        "currency": "GBP",
        "text": "£30.00"
      },
      "current": {
        "value": 25.5,
        "currency": "GBP",
        "text": "£25.50"
      },
      "saving": {
        "value": 4.5,
        "currency": "GBP",
        "text": "£4.50"
      }
    },
    "objectId": "2510155",
    "brand": "Clinique",
    "attributes": {
      "format": "spray",
      "hasPriceAdvantageDeal": false,
      "StockOverrideMessage": "STOCK_COMING_SOON",
      "key_features": "refreshing",
      "ProductReviewFlag": "1"
    },
    "variants": {
      "colours": [],
      "hasColours": false,
      "hasSizes": false
    },
    "categories": [
      [
        {
          "name": "fragrance",
          "label": "fragrance"
        },
        {
          "name": "beauty & skincare",
          "label": "beauty & skincare"
        },
        {
          "name": "toiletries",
          "label": "toiletries"
        },
        {
          "name": "gift",
          "label": "gift"
        }
      ],
      [
        {
          "name": "perfume",
          "label": "fragrance > perfume"
        },
        {
          "name": "premium beauty & skincare",
          "label": "beauty & skincare > premium beauty & skincare"
        },
        {
          "name": "skincare",
          "label": "beauty & skincare > skincare"
        },
        {
          "name": "skincare",
          "label": "toiletries > skincare"
        },
        {
          "name": "gifts for her",
          "label": "gift > gifts for her"
        }
      ],
      [
        {
          "name": "save up to 25% across selected premium beauty and No7",
          "label": "beauty & skincare > premium beauty & skincare > save up to 25% across selected premium beauty and No7"
        },
        {
          "name": "skin type",
          "label": "beauty & skincare > skincare > skin type"
        },
        {
          "name": "skincare ingredients",
          "label": "beauty & skincare > skincare > skincare ingredients"
        },
        {
          "name": "all perfumes",
          "label": "fragrance > perfume > all perfumes"
        },
        {
          "name": "skin type",
          "label": "toiletries > skincare > skin type"
        },
        {
          "name": "skincare ingredients",
          "label": "toiletries > skincare > skincare ingredients"
        },
        {
          "name": "all perfumes",
          "label": "gift > gifts for her > all perfumes"
        }
      ]
    ],
    "reviews": {
      "average": 4,
      "count": 7,
      "rounded": 4
    },
    "parent": {
      "product": "2510154",
      "partNumber": "10292726.P",
      "model": "10292726",
      "manufacturerModel": "2989174"
    },
    "images": {
      "thumbnail": "https://boots.scene7.com/is/image/Boots/10292726?wid=45&hei=60&op_sharpen=1"
    },
    "offers": [
      {
        "text": "Free gift when you spend £65 or more on selected Clinique - online only while stocks last"
      },
      {
        "text": "Save up to 25 percent across selected Premium Beauty"
      }
    ],
    "actions": {},
    "iconUri": "https://boots.scene7.com/is/image/Boots/10292726?op_sharpen=1",
    "title": "Clinique My Happy™ Baby Bouquet",
    "referenceUri": "/clinique-my-happy-baby-bouquet-10292726",
    "canAddToBasket": "yes",
    "opticians": false,
    "inStock": true,
    "expressDelivery": false,
    "hasOtherPromotion": true,
    "channelPromotionalTextMap": {
      "-1": [
        "Free gift when you spend £65 or more on selected Clinique - online only while stocks last",
        "Save up to 25 percent across selected Premium Beauty"
      ],
      "-6": [
        "Free gift when you spend £65 or more on selected Clinique - online only while stocks last",
        "Save up to 25 percent across selected Premium Beauty"
      ]
    },
    "adCardPoints": 75
  },
  {
    "_id": {
      "$oid": "65ec108d9884656b92f558b3"
    },
    "ppuQuantity": "75ML",
    "pricing": {
      "perUnit": "£130.33 per 100ML",
      "regular": {
        "value": 115,
        "currency": "GBP",
        "text": "£115.00"
      },
      "current": {
        "value": 97.75,
        "currency": "GBP",
        "text": "£97.75"
      },
      "saving": {
        "value": 17.25,
        "currency": "GBP",
        "text": "£17.25"
      }
    },
    "objectId": "2875225",
    "brand": "Fenty Fragrance",
    "attributes": {
      "fragrance_scent": [
        "spicy",
        "sweet"
      ],
      "product_type": "perfume",
      "StockOverrideMessage": "STOCK_COMING_SOON",
      "size": "71-100",
      "fragrance_type": "eau de parfum",
      "hasPriceAdvantageDeal": false,
      "gift_type": "fragrance gifts",
      "ProductReviewFlag": "1"
    },
    "variants": {
      "colours": [],
      "hasColours": false,
      "hasSizes": false
    },
    "categories": [
      [
        {
          "name": "new in",
          "label": "new in"
        },
        {
          "name": "beauty & skincare",
          "label": "beauty & skincare"
        },
        {
          "name": "fragrance",
          "label": "fragrance"
        },
        {
          "name": "sun & holiday",
          "label": "sun & holiday"
        },
        {
          "name": "gift",
          "label": "gift"
        },
        {
          "name": "mother's day",
          "label": "mother's day"
        }
      ],
      [
        {
          "name": "premium beauty & skincare",
          "label": "beauty & skincare > premium beauty & skincare"
        },
        {
          "name": "beauty awards",
          "label": "beauty & skincare > beauty awards"
        },
        {
          "name": "perfume",
          "label": "fragrance > perfume"
        },
        {
          "name": "love island",
          "label": "sun & holiday > love island"
        },
        {
          "name": "gifts for her",
          "label": "gift > gifts for her"
        },
        {
          "name": "celebrity fragrance",
          "label": "fragrance > celebrity fragrance"
        },
        {
          "name": "luxury fragrance",
          "label": "fragrance > luxury fragrance"
        },
        {
          "name": "shop all",
          "label": "mother's day > shop all"
        }
      ],
      [
        {
          "name": "save up to 25% across selected premium beauty and No7",
          "label": "beauty & skincare > premium beauty & skincare > save up to 25% across selected premium beauty and No7"
        },
        {
          "name": "beauty awards nominees",
          "label": "beauty & skincare > beauty awards > beauty awards nominees"
        },
        {
          "name": "all perfumes",
          "label": "fragrance > perfume > all perfumes"
        },
        {
          "name": "shop the love island villa",
          "label": "sun & holiday > love island > shop the love island villa"
        },
        {
          "name": "all perfumes",
          "label": "gift > gifts for her > all perfumes"
        }
      ]
    ],
    "reviews": {
      "average": 3.97,
      "count": 76,
      "rounded": 3
    },
    "parent": {
      "product": "2875224",
      "partNumber": "10333562.P",
      "model": "10333562",
      "manufacturerModel": "5775183"
    },
    "images": {
      "thumbnail": "https://boots.scene7.com/is/image/Boots/10333562?wid=45&hei=60&op_sharpen=1"
    },
    "offers": [
      {
        "text": "Save up to 25 percent across selected Premium Beauty"
      }
    ],
    "actions": {},
    "iconUri": "https://boots.scene7.com/is/image/Boots/10333562?op_sharpen=1",
    "title": "Fenty Eau de Parfum Fragrance 75ml",
    "referenceUri": "/fenty-eau-de-parfum-75ml-10333562",
    "canAddToBasket": "yes",
    "opticians": false,
    "inStock": true,
    "expressDelivery": false,
    "hasOtherPromotion": true,
    "channelPromotionalTextMap": {
      "-1": [
        "Save up to 25 percent across selected Premium Beauty"
      ],
      "-6": [
        "Save up to 25 percent across selected Premium Beauty"
      ]
    },
    "adCardPoints": 291
  },
  {
    "_id": {
      "$oid": "65ec108d9884656b92f558b4"
    },
    "ppuQuantity": "25ML",
    "pricing": {
      "perUnit": "£153.00 per 100ML",
      "regular": {
        "value": 45,
        "currency": "GBP",
        "text": "£45.00"
      },
      "current": {
        "value": 38.25,
        "currency": "GBP",
        "text": "£38.25"
      },
      "saving": {
        "value": 6.75,
        "currency": "GBP",
        "text": "£6.75"
      }
    },
    "objectId": "4140",
    "brand": "Clinique",
    "attributes": {
      "fragrance_scent": [
        "floral",
        "woody",
        "aromatic"
      ],
      "StockOverrideMessage": "STOCK_COMING_SOON",
      "size": "21-30",
      "Size": [
        "25ml",
        "25 ml"
      ],
      "parentCategory_UK": "33029",
      "fragrance_type": [
        "eau de toilette",
        "eau de parfum"
      ],
      "format": "spray",
      "hasPriceAdvantageDeal": false,
      "Reporting_Category": "fragrance",
      "ProductReviewFlag": "1"
    },
    "variants": {
      "colours": [],
      "hasColours": false,
      "hasSizes": false
    },
    "categories": [
      [
        {
          "name": "fragrance",
          "label": "fragrance"
        },
        {
          "name": "beauty & skincare",
          "label": "beauty & skincare"
        },
        {
          "name": "toiletries",
          "label": "toiletries"
        },
        {
          "name": "gift",
          "label": "gift"
        }
      ],
      [
        {
          "name": "perfume",
          "label": "fragrance > perfume"
        },
        {
          "name": "premium beauty & skincare",
          "label": "beauty & skincare > premium beauty & skincare"
        },
        {
          "name": "skincare",
          "label": "beauty & skincare > skincare"
        },
        {
          "name": "skincare",
          "label": "toiletries > skincare"
        },
        {
          "name": "gifts for her",
          "label": "gift > gifts for her"
        }
      ],
      [
        {
          "name": "save up to 25% across selected premium beauty and No7",
          "label": "beauty & skincare > premium beauty & skincare > save up to 25% across selected premium beauty and No7"
        },
        {
          "name": "skin type",
          "label": "beauty & skincare > skincare > skin type"
        },
        {
          "name": "skincare ingredients",
          "label": "beauty & skincare > skincare > skincare ingredients"
        },
        {
          "name": "all perfumes",
          "label": "fragrance > perfume > all perfumes"
        },
        {
          "name": "floral perfume",
          "label": "fragrance > perfume > floral perfume"
        },
        {
          "name": "skin type",
          "label": "toiletries > skincare > skin type"
        },
        {
          "name": "skincare ingredients",
          "label": "toiletries > skincare > skincare ingredients"
        },
        {
          "name": "all perfumes",
          "label": "gift > gifts for her > all perfumes"
        }
      ]
    ],
    "reviews": {
      "average": 3.84,
      "count": 256,
      "rounded": 3
    },
    "parent": {
      "product": "4139",
      "partNumber": "10014404.P",
      "model": "10014404",
      "manufacturerModel": "1372971"
    },
    "images": {
      "thumbnail": "https://boots.scene7.com/is/image/Boots/10014404?wid=45&hei=60&op_sharpen=1"
    },
    "offers": [
      {
        "text": "Free gift when you spend £65 or more on selected Clinique - online only while stocks last"
      },
      {
        "text": "Save up to 25 percent across selected Premium Beauty"
      }
    ],
    "actions": {},
    "iconUri": "https://boots.scene7.com/is/image/Boots/10014404?op_sharpen=1",
    "title": "Clinique Aromatics Elixir Perfume Spray 25ml",
    "referenceUri": "/clinique-aromatics-elixir-perfume-spray-25ml-10014404",
    "canAddToBasket": "yes",
    "opticians": false,
    "inStock": true,
    "expressDelivery": false,
    "hasOtherPromotion": true,
    "channelPromotionalTextMap": {
      "-1": [
        "Free gift when you spend £65 or more on selected Clinique - online only while stocks last",
        "Save up to 25 percent across selected Premium Beauty"
      ],
      "-6": [
        "Free gift when you spend £65 or more on selected Clinique - online only while stocks last",
        "Save up to 25 percent across selected Premium Beauty"
      ]
    },
    "adCardPoints": 114
  },
  {
    "_id": {
      "$oid": "65ec108d9884656b92f558b5"
    },
    "ppuQuantity": "100ML",
    "pricing": {
      "perUnit": "£87.00 per 100ML",
      "regular": {
        "value": 87,
        "currency": "GBP",
        "text": "£87.00"
      },
      "current": {
        "value": 87,
        "currency": "GBP",
        "text": "£87.00"
      }
    },
    "objectId": "2935611",
    "brand": "Azzaro",
    "attributes": {
      "fragrance_scent": "spicy",
      "product_type": "body spray",
      "StockOverrideMessage": "STOCK_COMING_SOON",
      "size": "71-100",
      "gender": "mens",
      "fragrance_type": "parfum",
      "format": "spray",
      "hasPriceAdvantageDeal": false,
      "ProductReviewFlag": "1"
    },
    "variants": {
      "colours": [],
      "hasColours": false,
      "hasSizes": false
    },
    "categories": [
      [
        {
          "name": "new in",
          "label": "new in"
        },
        {
          "name": "toiletries",
          "label": "toiletries"
        },
        {
          "name": "men's",
          "label": "men's"
        },
        {
          "name": "fragrance",
          "label": "fragrance"
        },
        {
          "name": "gift",
          "label": "gift"
        }
      ],
      [
        {
          "name": "new in fragrance",
          "label": "new in > new in fragrance"
        },
        {
          "name": "men's toiletries",
          "label": "toiletries > men's toiletries"
        },
        {
          "name": "men's toiletries",
          "label": "men's > men's toiletries"
        },
        {
          "name": "perfume",
          "label": "fragrance > perfume"
        },
        {
          "name": "aftershave",
          "label": "fragrance > aftershave"
        },
        {
          "name": "gifts for him",
          "label": "gift > gifts for him"
        },
        {
          "name": "gifts for her",
          "label": "gift > gifts for her"
        },
        {
          "name": "aftershave",
          "label": "men's > aftershave"
        },
        {
          "name": "new in fragrance",
          "label": "fragrance > new in fragrance"
        },
        {
          "name": "brands",
          "label": "fragrance > brands"
        }
      ],
      [
        {
          "name": "aftershave",
          "label": "toiletries > men's toiletries > aftershave"
        },
        {
          "name": "aftershave",
          "label": "men's > men's toiletries > aftershave"
        },
        {
          "name": "all perfumes",
          "label": "fragrance > perfume > all perfumes"
        },
        {
          "name": "all aftershave",
          "label": "fragrance > aftershave > all aftershave"
        },
        {
          "name": "all aftershave",
          "label": "gift > gifts for him > all aftershave"
        },
        {
          "name": "all perfumes",
          "label": "gift > gifts for her > all perfumes"
        },
        {
          "name": "all aftershave",
          "label": "men's > aftershave > all aftershave"
        }
      ],
      [
        {
          "name": "all aftershave",
          "label": "toiletries > men's toiletries > aftershave > all aftershave"
        },
        {
          "name": "all aftershave",
          "label": "men's > men's toiletries > aftershave > all aftershave"
        }
      ]
    ],
    "reviews": {
      "average": 3,
      "count": 2,
      "rounded": 3
    },
    "parent": {
      "product": "2935610",
      "partNumber": "10340398.P",
      "model": "10340398",
      "manufacturerModel": "2332426"
    },
    "images": {
      "thumbnail": "https://boots.scene7.com/is/image/Boots/10340398?wid=45&hei=60&op_sharpen=1"
    },
    "offers": [],
    "actions": {},
    "iconUri": "https://boots.scene7.com/is/image/Boots/10340398?op_sharpen=1",
    "title": "Azzaro The Most Wanted Parfum 100ml",
    "referenceUri": "/azzaro-the-most-wanted-parfum-100ml-10340398",
    "canAddToBasket": "yes",
    "opticians": false,
    "inStock": true,
    "expressDelivery": false,
    "hasOtherPromotion": false,
    "channelPromotionalTextMap": {
      "-1": [],
      "-6": []
    },
    "adCardPoints": 261
  },
  {
    "_id": {
      "$oid": "65ec108d9884656b92f558b6"
    },
    "ppuQuantity": "100ML",
    "pricing": {
      "perUnit": "£116.45 per 100ML",
      "regular": {
        "value": 137,
        "currency": "GBP",
        "text": "£137.00"
      },
      "current": {
        "value": 116.45,
        "currency": "GBP",
        "text": "£116.45"
      },
      "saving": {
        "value": 20.55,
        "currency": "GBP",
        "text": "£20.55"
      }
    },
    "objectId": "2611031",
    "brand": "Hermes",
    "attributes": {
      "fragrance_scent": "woody",
      "fragrance_type": "eau de parfum",
      "hasPriceAdvantageDeal": false,
      "StockOverrideMessage": "STOCK_COMING_SOON",
      "ProductReviewFlag": "1"
    },
    "variants": {
      "colours": [],
      "hasColours": false,
      "hasSizes": false
    },
    "categories": [
      [
        {
          "name": "fragrance",
          "label": "fragrance"
        },
        {
          "name": "gift",
          "label": "gift"
        }
      ],
      [
        {
          "name": "elixir fragrances",
          "label": "fragrance > elixir fragrances"
        },
        {
          "name": "perfume",
          "label": "fragrance > perfume"
        },
        {
          "name": "gifts for her",
          "label": "gift > gifts for her"
        },
        {
          "name": "luxury fragrance",
          "label": "fragrance > luxury fragrance"
        }
      ],
      [
        {
          "name": "all perfumes",
          "label": "fragrance > perfume > all perfumes"
        },
        {
          "name": "all perfumes",
          "label": "gift > gifts for her > all perfumes"
        }
      ]
    ],
    "reviews": {
      "average": null,
      "count": null,
      "rounded": null
    },
    "parent": {
      "product": "2611030",
      "partNumber": "10302887.P",
      "model": "10302887",
      "manufacturerModel": "7904851"
    },
    "images": {
      "thumbnail": "https://boots.scene7.com/is/image/Boots/10302887?wid=45&hei=60&op_sharpen=1"
    },
    "offers": [
      {
        "text": "Free gift when you buy selected Hermes fragrance - online only, whilst stocks last"
      },
      {
        "text": "Save up to 20 percent on selected fragrances"
      }
    ],
    "actions": {},
    "iconUri": "https://boots.scene7.com/is/image/Boots/10302887?op_sharpen=1",
    "title": "Hermes Elixir des Merveilles Eau de Parfum 100ml",
    "referenceUri": "/hermes-elixir-des-merveilles-eau-de-parfum-100ml-10302887",
    "canAddToBasket": "yes",
    "opticians": false,
    "inStock": true,
    "expressDelivery": false,
    "hasOtherPromotion": true,
    "channelPromotionalTextMap": {
      "-1": [
        "Free gift when you buy selected Hermes fragrance - online only, whilst stocks last",
        "Save up to 20 percent on selected fragrances"
      ],
      "-6": [
        "Free gift when you buy selected Hermes fragrance - online only, whilst stocks last",
        "Save up to 20 percent on selected fragrances"
      ]
    },
    "adCardPoints": 348
  },
  {
    "_id": {
      "$oid": "65ec108d9884656b92f558b7"
    },
    "ppuQuantity": "60ML",
    "pricing": {
      "perUnit": "£134.58 per 100ML",
      "regular": {
        "value": 95,
        "currency": "GBP",
        "text": "£95.00"
      },
      "current": {
        "value": 80.75,
        "currency": "GBP",
        "text": "£80.75"
      },
      "saving": {
        "value": 14.25,
        "currency": "GBP",
        "text": "£14.25"
      }
    },
    "objectId": "2840635",
    "brand": "Mugler",
    "attributes": {
      "fragrance_scent": [
        "jasmine",
        "floral"
      ],
      "size": "51-70",
      "gender": "womens",
      "StockOverrideMessage": "STOCK_COMING_SOON",
      "fragrance_type": "eau de parfum",
      "hasPriceAdvantageDeal": false,
      "ProductReviewFlag": "1"
    },
    "variants": {
      "colours": [],
      "hasColours": false,
      "hasSizes": false
    },
    "categories": [
      [
        {
          "name": "new in",
          "label": "new in"
        },
        {
          "name": "fragrance",
          "label": "fragrance"
        },
        {
          "name": "gift",
          "label": "gift"
        }
      ],
      [
        {
          "name": "new in fragrance",
          "label": "new in > new in fragrance"
        },
        {
          "name": "perfume",
          "label": "fragrance > perfume"
        },
        {
          "name": "gifts for her",
          "label": "gift > gifts for her"
        },
        {
          "name": "luxury fragrance",
          "label": "fragrance > luxury fragrance"
        },
        {
          "name": "new in fragrance",
          "label": "fragrance > new in fragrance"
        },
        {
          "name": "brands",
          "label": "fragrance > brands"
        }
      ],
      [
        {
          "name": "all perfumes",
          "label": "fragrance > perfume > all perfumes"
        },
        {
          "name": "floral perfume",
          "label": "fragrance > perfume > floral perfume"
        },
        {
          "name": "all perfumes",
          "label": "gift > gifts for her > all perfumes"
        }
      ]
    ],
    "reviews": {
      "average": 4.8,
      "count": 1441,
      "rounded": 4
    },
    "parent": {
      "product": "2840634",
      "partNumber": "10328977.P",
      "model": "10328977",
      "manufacturerModel": "5579872"
    },
    "images": {
      "thumbnail": "https://boots.scene7.com/is/image/Boots/10328977?wid=45&hei=60&op_sharpen=1"
    },
    "offers": [
      {
        "text": "Free gift when you buy selected Mugler - whilst stocks last"
      },
      {
        "text": "Save up to 20 percent on selected fragrances"
      }
    ],
    "actions": {},
    "iconUri": "https://boots.scene7.com/is/image/Boots/10328977?op_sharpen=1",
    "title": "Mugler Alien Goddess Supra Florale Eau De Parfum 60ml",
    "referenceUri": "/mugler-alien-goddess-supra-florale-eau-de-parfum-60ml-10328977",
    "canAddToBasket": "yes",
    "opticians": false,
    "inStock": true,
    "expressDelivery": false,
    "hasOtherPromotion": true,
    "channelPromotionalTextMap": {
      "-1": [
        "Free gift when you buy selected Mugler - whilst stocks last",
        "Save up to 20 percent on selected fragrances"
      ],
      "-6": [
        "Free gift when you buy selected Mugler - whilst stocks last",
        "Save up to 20 percent on selected fragrances"
      ]
    },
    "adCardPoints": 240
  },
  {
    "_id": {
      "$oid": "65ec108d9884656b92f558b8"
    },
    "ppuQuantity": "200ML",
    "pricing": {
      "perUnit": "£27.50 per 100ML",
      "regular": {
        "value": 55,
        "currency": "GBP",
        "text": "£55.00"
      },
      "current": {
        "value": 55,
        "currency": "GBP",
        "text": "£55.00"
      }
    },
    "objectId": "2348132",
    "brand": "Christian Dior",
    "attributes": {
      "fragrance_scent": [
        "floral",
        "sweet",
        "fruity"
      ],
      "product_type": "body lotion",
      "size": "151-200",
      "StockOverrideMessage": "STOCK_COMING_SOON",
      "gender": "womens",
      "hasPriceAdvantageDeal": false,
      "ProductReviewFlag": "1"
    },
    "variants": {
      "colours": [],
      "hasColours": false,
      "hasSizes": false
    },
    "categories": [
      [
        {
          "name": "fragrance",
          "label": "fragrance"
        },
        {
          "name": "gift",
          "label": "gift"
        }
      ],
      [
        {
          "name": "5* rated perfumes & aftershaves",
          "label": "fragrance > 5* rated perfumes & aftershaves"
        },
        {
          "name": "perfume",
          "label": "fragrance > perfume"
        },
        {
          "name": "gifts for her",
          "label": "gift > gifts for her"
        }
      ],
      [
        {
          "name": "all perfumes",
          "label": "fragrance > perfume > all perfumes"
        },
        {
          "name": "floral perfume",
          "label": "fragrance > perfume > floral perfume"
        },
        {
          "name": "all perfumes",
          "label": "gift > gifts for her > all perfumes"
        }
      ]
    ],
    "reviews": {
      "average": 4.8,
      "count": 110,
      "rounded": 4
    },
    "parent": {
      "product": "2348131",
      "partNumber": "10274506.P",
      "model": "10274506",
      "manufacturerModel": "8693544"
    },
    "images": {
      "thumbnail": "https://boots.scene7.com/is/image/Boots/10274506?wid=45&hei=60&op_sharpen=1"
    },
    "offers": [],
    "actions": {},
    "iconUri": "https://boots.scene7.com/is/image/Boots/10274506?op_sharpen=1",
    "title": "DIOR J'adore Beautifying Body Milk",
    "referenceUri": "/dior-jadore-beautifying-body-milk-10274506",
    "canAddToBasket": "yes",
    "opticians": false,
    "inStock": true,
    "expressDelivery": false,
    "hasOtherPromotion": false,
    "channelPromotionalTextMap": {
      "-1": [],
      "-6": []
    },
    "adCardPoints": 165
  },
  {
    "_id": {
      "$oid": "65ec108d9884656b92f558b9"
    },
    "ppuQuantity": "60ML",
    "pricing": {
      "perUnit": "£141.67 per 100ML",
      "regular": {
        "value": 100,
        "currency": "GBP",
        "text": "£100.00"
      },
      "current": {
        "value": 85,
        "currency": "GBP",
        "text": "£85.00"
      },
      "saving": {
        "value": 15,
        "currency": "GBP",
        "text": "£15.00"
      }
    },
    "objectId": "2631131",
    "brand": "Mugler",
    "attributes": {
      "fragrance_scent": [
        "amber",
        "floral",
        "woody"
      ],
      "format": "spray",
      "hasPriceAdvantageDeal": false,
      "size": "51-70",
      "ProductReviewFlag": "1"
    },
    "variants": {
      "colours": [],
      "hasColours": false,
      "hasSizes": false
    },
    "categories": [
      [
        {
          "name": "fragrance",
          "label": "fragrance"
        },
        {
          "name": "gift",
          "label": "gift"
        }
      ],
      [
        {
          "name": "5* rated perfumes & aftershaves",
          "label": "fragrance > 5* rated perfumes & aftershaves"
        },
        {
          "name": "perfume",
          "label": "fragrance > perfume"
        },
        {
          "name": "recommended",
          "label": "fragrance > recommended"
        },
        {
          "name": "gifts for her",
          "label": "gift > gifts for her"
        }
      ],
      [
        {
          "name": "all perfumes",
          "label": "fragrance > perfume > all perfumes"
        },
        {
          "name": "trending fragrance",
          "label": "fragrance > recommended > trending fragrance"
        },
        {
          "name": "all perfumes",
          "label": "gift > gifts for her > all perfumes"
        }
      ]
    ],
    "reviews": {
      "average": 4.77,
      "count": 311,
      "rounded": 4
    },
    "parent": {
      "product": "2631130",
      "partNumber": "10305615.P",
      "model": "10305615",
      "manufacturerModel": "8987475"
    },
    "images": {
      "thumbnail": "https://boots.scene7.com/is/image/Boots/10305615?wid=45&hei=60&op_sharpen=1"
    },
    "offers": [
      {
        "text": "Free gift when you buy selected Mugler - whilst stocks last"
      },
      {
        "text": "Save up to 20 percent on selected fragrances"
      }
    ],
    "actions": {},
    "iconUri": "https://boots.scene7.com/is/image/Boots/10305615?op_sharpen=1",
    "title": "Mugler Alien Goddess Intense Eau de Parfum 60ml",
    "referenceUri": "/mugler-alien-goddess-intense-eau-de-parfum-60ml-10305615",
    "canAddToBasket": "yes",
    "opticians": false,
    "inStock": true,
    "expressDelivery": false,
    "hasOtherPromotion": true,
    "channelPromotionalTextMap": {
      "-1": [
        "Free gift when you buy selected Mugler - whilst stocks last",
        "Save up to 20 percent on selected fragrances"
      ],
      "-6": [
        "Free gift when you buy selected Mugler - whilst stocks last",
        "Save up to 20 percent on selected fragrances"
      ]
    },
    "adCardPoints": 255
  },
  {
    "_id": {
      "$oid": "65ec108d9884656b92f558ba"
    },
    "ppuQuantity": "50ML",
    "pricing": {
      "perUnit": "£61.20 per 100ML",
      "regular": {
        "value": 36,
        "currency": "GBP",
        "text": "£36.00"
      },
      "current": {
        "value": 30.6,
        "currency": "GBP",
        "text": "£30.60"
      },
      "saving": {
        "value": 5.4,
        "currency": "GBP",
        "text": "£5.40"
      }
    },
    "objectId": "36565",
    "brand": "Britney Spears",
    "attributes": {
      "fragrance_scent": [
        "amber",
        "sweet",
        "musk",
        "fruity",
        "vanilla"
      ],
      "StockOverrideMessage": "STOCK_COMING_SOON",
      "size": "41-50",
      "gender": "womens",
      "Size": "50ml",
      "parentCategory_UK": "33071",
      "fragrance_type": "eau de parfum",
      "hasPriceAdvantageDeal": false,
      "Reporting_Category": "fragrance",
      "ProductReviewFlag": "1"
    },
    "variants": {
      "colours": [],
      "hasColours": false,
      "hasSizes": false
    },
    "categories": [
      [
        {
          "name": "fragrance",
          "label": "fragrance"
        },
        {
          "name": "gift",
          "label": "gift"
        }
      ],
      [
        {
          "name": "5* rated perfumes & aftershaves",
          "label": "fragrance > 5* rated perfumes & aftershaves"
        },
        {
          "name": "perfume",
          "label": "fragrance > perfume"
        },
        {
          "name": "fragrance offers",
          "label": "fragrance > fragrance offers"
        },
        {
          "name": "gifts for her",
          "label": "gift > gifts for her"
        },
        {
          "name": "celebrity fragrance",
          "label": "fragrance > celebrity fragrance"
        }
      ],
      [
        {
          "name": "all perfumes",
          "label": "fragrance > perfume > all perfumes"
        },
        {
          "name": "vanilla perfume",
          "label": "fragrance > perfume > vanilla perfume"
        },
        {
          "name": "musky perfume",
          "label": "fragrance > perfume > musky perfume"
        },
        {
          "name": "amber perfume",
          "label": "fragrance > perfume > amber perfume"
        },
        {
          "name": "save up to 60 percent",
          "label": "fragrance > fragrance offers > save up to 60 percent"
        },
        {
          "name": "all perfumes",
          "label": "gift > gifts for her > all perfumes"
        }
      ]
    ],
    "reviews": {
      "average": 4.76,
      "count": 25,
      "rounded": 4
    },
    "parent": {
      "product": "36564",
      "partNumber": "10062351.P",
      "model": "10062351",
      "manufacturerModel": "5155444"
    },
    "images": {
      "thumbnail": "https://boots.scene7.com/is/image/Boots/10062351?wid=45&hei=60&op_sharpen=1"
    },
    "offers": [
      {
        "text": "Save up to 20 percent on selected fragrances"
      }
    ],
    "actions": {},
    "iconUri": "https://boots.scene7.com/is/image/Boots/10062351?op_sharpen=1",
    "title": "Britney Spears Midnight Fantasy Eau de Parfum 50ml",
    "referenceUri": "/britney-spears-midnight-fantasy-eau-de-parfum-50ml-10062351",
    "canAddToBasket": "yes",
    "opticians": false,
    "inStock": true,
    "expressDelivery": false,
    "hasOtherPromotion": true,
    "channelPromotionalTextMap": {
      "-1": [
        "Save up to 20 percent on selected fragrances"
      ],
      "-6": [
        "Save up to 20 percent on selected fragrances"
      ]
    },
    "adCardPoints": 90
  },
  {
    "_id": {
      "$oid": "65ec108d9884656b92f558bb"
    },
    "ppuQuantity": "50ML",
    "pricing": {
      "perUnit": "£161.50 per 100ML",
      "regular": {
        "value": 95,
        "currency": "GBP",
        "text": "£95.00"
      },
      "current": {
        "value": 80.75,
        "currency": "GBP",
        "text": "£80.75"
      },
      "saving": {
        "value": 14.25,
        "currency": "GBP",
        "text": "£14.25"
      }
    },
    "objectId": "2822671",
    "brand": "Mugler",
    "attributes": {
      "fragrance_scent": "floral",
      "gender": "womens",
      "size": "41-50",
      "StockOverrideMessage": "STOCK_COMING_SOON",
      "fragrance_type": "eau de parfum",
      "hasPriceAdvantageDeal": false,
      "ProductReviewFlag": "1"
    },
    "variants": {
      "colours": [],
      "hasColours": false,
      "hasSizes": false
    },
    "categories": [
      [
        {
          "name": "gift",
          "label": "gift"
        },
        {
          "name": "fragrance",
          "label": "fragrance"
        }
      ],
      [
        {
          "name": "gifts for her",
          "label": "gift > gifts for her"
        },
        {
          "name": "perfume",
          "label": "fragrance > perfume"
        },
        {
          "name": "fragrance offers",
          "label": "fragrance > fragrance offers"
        },
        {
          "name": "luxury fragrance",
          "label": "fragrance > luxury fragrance"
        },
        {
          "name": "5* rated perfumes & aftershaves",
          "label": "fragrance > 5* rated perfumes & aftershaves"
        },
        {
          "name": "elixir fragrances",
          "label": "fragrance > elixir fragrances"
        }
      ],
      [
        {
          "name": "all perfumes",
          "label": "fragrance > perfume > all perfumes"
        },
        {
          "name": "floral perfume",
          "label": "fragrance > perfume > floral perfume"
        },
        {
          "name": "all perfumes",
          "label": "gift > gifts for her > all perfumes"
        }
      ]
    ],
    "reviews": {
      "average": 4.74,
      "count": 4764,
      "rounded": 4
    },
    "parent": {
      "product": "2822670",
      "partNumber": "10326997.P",
      "model": "10326997",
      "manufacturerModel": "5450055"
    },
    "images": {
      "thumbnail": "https://boots.scene7.com/is/image/Boots/10326997?wid=45&hei=60&op_sharpen=1"
    },
    "offers": [
      {
        "text": "Save up to 20 percent on selected fragrances"
      }
    ],
    "actions": {},
    "iconUri": "https://boots.scene7.com/is/image/Boots/10326997?op_sharpen=1",
    "title": "Mugler Angel Elixir Eau De Parfum 50ml",
    "referenceUri": "/mugler-angel-elixir-eau-de-parfum-50ml-10326997",
    "canAddToBasket": "yes",
    "opticians": false,
    "inStock": true,
    "expressDelivery": false,
    "hasOtherPromotion": true,
    "channelPromotionalTextMap": {
      "-1": [
        "Save up to 20 percent on selected fragrances"
      ],
      "-6": [
        "Save up to 20 percent on selected fragrances"
      ]
    },
    "adCardPoints": 240
  },
  {
    "_id": {
      "$oid": "65ec108d9884656b92f558bc"
    },
    "ppuQuantity": "25ML",
    "pricing": {
      "perUnit": "£227.80 per 100ML",
      "regular": {
        "value": 67,
        "currency": "GBP",
        "text": "£67.00"
      },
      "current": {
        "value": 56.95,
        "currency": "GBP",
        "text": "£56.95"
      },
      "saving": {
        "value": 10.05,
        "currency": "GBP",
        "text": "£10.05"
      }
    },
    "objectId": "2822607",
    "brand": "Mugler",
    "attributes": {
      "fragrance_scent": "floral",
      "gender": "womens",
      "StockOverrideMessage": "STOCK_COMING_SOON",
      "size": "21-30",
      "fragrance_type": "eau de parfum",
      "hasPriceAdvantageDeal": false,
      "ProductReviewFlag": "1"
    },
    "variants": {
      "colours": [],
      "hasColours": false,
      "hasSizes": false
    },
    "categories": [
      [
        {
          "name": "gift",
          "label": "gift"
        },
        {
          "name": "fragrance",
          "label": "fragrance"
        }
      ],
      [
        {
          "name": "gifts for her",
          "label": "gift > gifts for her"
        },
        {
          "name": "perfume",
          "label": "fragrance > perfume"
        },
        {
          "name": "fragrance offers",
          "label": "fragrance > fragrance offers"
        },
        {
          "name": "luxury fragrance",
          "label": "fragrance > luxury fragrance"
        },
        {
          "name": "5* rated perfumes & aftershaves",
          "label": "fragrance > 5* rated perfumes & aftershaves"
        },
        {
          "name": "elixir fragrances",
          "label": "fragrance > elixir fragrances"
        }
      ],
      [
        {
          "name": "all perfumes",
          "label": "fragrance > perfume > all perfumes"
        },
        {
          "name": "floral perfume",
          "label": "fragrance > perfume > floral perfume"
        },
        {
          "name": "all perfumes",
          "label": "gift > gifts for her > all perfumes"
        }
      ]
    ],
    "reviews": {
      "average": 4.74,
      "count": 4761,
      "rounded": 4
    },
    "parent": {
      "product": "2822606",
      "partNumber": "10326960.P",
      "model": "10326960",
      "manufacturerModel": "5446570"
    },
    "images": {
      "thumbnail": "https://boots.scene7.com/is/image/Boots/10326960?wid=45&hei=60&op_sharpen=1"
    },
    "offers": [
      {
        "text": "Save up to 20 percent on selected fragrances"
      }
    ],
    "actions": {},
    "iconUri": "https://boots.scene7.com/is/image/Boots/10326960?op_sharpen=1",
    "title": "Mugler Angel Elixir Eau De Parfum 25ml",
    "referenceUri": "/mugler-angel-elixir-eau-de-parfum-25ml-10326960",
    "canAddToBasket": "yes",
    "opticians": false,
    "inStock": true,
    "expressDelivery": false,
    "hasOtherPromotion": true,
    "channelPromotionalTextMap": {
      "-1": [
        "Save up to 20 percent on selected fragrances"
      ],
      "-6": [
        "Save up to 20 percent on selected fragrances"
      ]
    },
    "adCardPoints": 168
  },
  {
    "_id": {
      "$oid": "65ec108d9884656b92f558bd"
    },
    "ppuQuantity": "80ML",
    "pricing": {
      "perUnit": "£111.56 per 100ML",
      "regular": {
        "value": 105,
        "currency": "GBP",
        "text": "£105.00"
      },
      "current": {
        "value": 89.25,
        "currency": "GBP",
        "text": "£89.25"
      },
      "saving": {
        "value": 15.75,
        "currency": "GBP",
        "text": "£15.75"
      }
    },
    "objectId": "2369555",
    "brand": "Givenchy",
    "attributes": {
      "fragrance_scent": [
        "floral",
        "fruity"
      ],
      "StockOverrideMessage": "STOCK_COMING_SOON",
      "gender": "womens",
      "size": "51-70",
      "format": "spray",
      "fragrance_type": "eau de parfum",
      "hasPriceAdvantageDeal": false,
      "Reporting_Category": "fragrance",
      "ProductReviewFlag": "1"
    },
    "variants": {
      "colours": [],
      "hasColours": false,
      "hasSizes": false
    },
    "categories": [
      [
        {
          "name": "fragrance",
          "label": "fragrance"
        },
        {
          "name": "gift",
          "label": "gift"
        }
      ],
      [
        {
          "name": "5* rated perfumes & aftershaves",
          "label": "fragrance > 5* rated perfumes & aftershaves"
        },
        {
          "name": "perfume",
          "label": "fragrance > perfume"
        },
        {
          "name": "gifts for her",
          "label": "gift > gifts for her"
        }
      ],
      [
        {
          "name": "all perfumes",
          "label": "fragrance > perfume > all perfumes"
        },
        {
          "name": "floral perfume",
          "label": "fragrance > perfume > floral perfume"
        },
        {
          "name": "all perfumes",
          "label": "gift > gifts for her > all perfumes"
        }
      ]
    ],
    "reviews": {
      "average": 4.74,
      "count": 5566,
      "rounded": 4
    },
    "parent": {
      "product": "2369554",
      "partNumber": "10277306.P",
      "model": "10277306",
      "manufacturerModel": "8802025"
    },
    "images": {
      "thumbnail": "https://boots.scene7.com/is/image/Boots/10277306?wid=45&hei=60&op_sharpen=1"
    },
    "offers": [
      {
        "text": "Save up to 20 percent on selected fragrances"
      }
    ],
    "actions": {},
    "iconUri": "https://boots.scene7.com/is/image/Boots/10277306?op_sharpen=1",
    "title": "Givenchy Irresistible Eau de Parfum 80ml",
    "referenceUri": "/givenchy-irresistible-80ml-10277306",
    "canAddToBasket": "yes",
    "opticians": false,
    "inStock": true,
    "expressDelivery": false,
    "hasOtherPromotion": true,
    "channelPromotionalTextMap": {
      "-1": [
        "Save up to 20 percent on selected fragrances"
      ],
      "-6": [
        "Save up to 20 percent on selected fragrances"
      ]
    },
    "adCardPoints": 267
  },
  {
    "_id": {
      "$oid": "65ec108d9884656b92f558be"
    },
    "ppuQuantity": "100ML",
    "pricing": {
      "perUnit": "£110.50 per 100ML",
      "regular": {
        "value": 130,
        "currency": "GBP",
        "text": "£130.00"
      },
      "current": {
        "value": 110.5,
        "currency": "GBP",
        "text": "£110.50"
      },
      "saving": {
        "value": 19.5,
        "currency": "GBP",
        "text": "£19.50"
      }
    },
    "objectId": "2822673",
    "brand": "Mugler",
    "attributes": {
      "fragrance_scent": "floral",
      "StockOverrideMessage": "STOCK_COMING_SOON",
      "gender": "womens",
      "fragrance_type": "eau de parfum",
      "hasPriceAdvantageDeal": false,
      "ProductReviewFlag": "1"
    },
    "variants": {
      "colours": [],
      "hasColours": false,
      "hasSizes": false
    },
    "categories": [
      [
        {
          "name": "gift",
          "label": "gift"
        },
        {
          "name": "fragrance",
          "label": "fragrance"
        }
      ],
      [
        {
          "name": "gifts for her",
          "label": "gift > gifts for her"
        },
        {
          "name": "perfume",
          "label": "fragrance > perfume"
        },
        {
          "name": "fragrance offers",
          "label": "fragrance > fragrance offers"
        },
        {
          "name": "luxury fragrance",
          "label": "fragrance > luxury fragrance"
        },
        {
          "name": "5* rated perfumes & aftershaves",
          "label": "fragrance > 5* rated perfumes & aftershaves"
        },
        {
          "name": "elixir fragrances",
          "label": "fragrance > elixir fragrances"
        }
      ],
      [
        {
          "name": "all perfumes",
          "label": "fragrance > perfume > all perfumes"
        },
        {
          "name": "floral perfume",
          "label": "fragrance > perfume > floral perfume"
        },
        {
          "name": "all perfumes",
          "label": "gift > gifts for her > all perfumes"
        }
      ]
    ],
    "reviews": {
      "average": 4.73,
      "count": 4764,
      "rounded": 4
    },
    "parent": {
      "product": "2822672",
      "partNumber": "10326998.P",
      "model": "10326998",
      "manufacturerModel": "5450063"
    },
    "images": {
      "thumbnail": "https://boots.scene7.com/is/image/Boots/10326998?wid=45&hei=60&op_sharpen=1"
    },
    "offers": [
      {
        "text": "Save up to 20 percent on selected fragrances"
      }
    ],
    "actions": {},
    "iconUri": "https://boots.scene7.com/is/image/Boots/10326998?op_sharpen=1",
    "title": "Mugler Angel Elixir Eau De Parfum 100ml",
    "referenceUri": "/mugler-angel-elixir-eau-de-parfum-100ml-10326998",
    "canAddToBasket": "yes",
    "opticians": false,
    "inStock": true,
    "expressDelivery": false,
    "hasOtherPromotion": true,
    "channelPromotionalTextMap": {
      "-1": [
        "Save up to 20 percent on selected fragrances"
      ],
      "-6": [
        "Save up to 20 percent on selected fragrances"
      ]
    },
    "adCardPoints": 330
  },
  {
    "_id": {
      "$oid": "65ec108d9884656b92f558bf"
    },
    "ppuQuantity": "60ML",
    "pricing": {
      "perUnit": "£120.00 per 100ML",
      "regular": {
        "value": 72,
        "currency": "GBP",
        "text": "£72.00"
      },
      "current": {
        "value": 72,
        "currency": "GBP",
        "text": "£72.00"
      }
    },
    "objectId": "2713741",
    "brand": "Jimmy Choo",
    "attributes": {
      "fragrance_scent": "chypre",
      "StockOverrideMessage": "STOCK_COMING_SOON",
      "gender": "womens",
      "size": "51-70",
      "fragrance_type": "eau de parfum",
      "hasPriceAdvantageDeal": false,
      "ProductReviewFlag": "1"
    },
    "variants": {
      "colours": [],
      "hasColours": false,
      "hasSizes": false
    },
    "categories": [
      [
        {
          "name": "fragrance",
          "label": "fragrance"
        },
        {
          "name": "gift",
          "label": "gift"
        }
      ],
      [
        {
          "name": "5* rated perfumes & aftershaves",
          "label": "fragrance > 5* rated perfumes & aftershaves"
        },
        {
          "name": "perfume",
          "label": "fragrance > perfume"
        },
        {
          "name": "gifts for her",
          "label": "gift > gifts for her"
        },
        {
          "name": "luxury fragrance",
          "label": "fragrance > luxury fragrance"
        }
      ],
      [
        {
          "name": "all perfumes",
          "label": "fragrance > perfume > all perfumes"
        },
        {
          "name": "all perfumes",
          "label": "gift > gifts for her > all perfumes"
        }
      ]
    ],
    "reviews": {
      "average": 4.71,
      "count": 2589,
      "rounded": 4
    },
    "parent": {
      "product": "2713740",
      "partNumber": "10316827.P",
      "model": "10316827",
      "manufacturerModel": "3901157"
    },
    "images": {
      "thumbnail": "https://boots.scene7.com/is/image/Boots/10316827?wid=45&hei=60&op_sharpen=1"
    },
    "offers": [
      {
        "text": "Free gift when you buy selected Jimmy Choo fragrances - online only, whilst stocks last"
      },
      {
        "text": "Free gift when you buy selected Jimmy Choo fragrances - online only, whilst stocks last"
      }
    ],
    "actions": {},
    "iconUri": "https://boots.scene7.com/is/image/Boots/10316827?op_sharpen=1",
    "title": "Jimmy Choo I Want Choo Forever Eau de Parfum 60ml",
    "referenceUri": "/i-want-choo-forever-eau-de-parfum-60ml-10316827p",
    "canAddToBasket": "yes",
    "opticians": false,
    "inStock": true,
    "expressDelivery": false,
    "hasOtherPromotion": true,
    "channelPromotionalTextMap": {
      "-1": [
        "Free gift when you buy selected Jimmy Choo fragrances - online only, whilst stocks last",
        "Free gift when you buy selected Jimmy Choo fragrances - online only, whilst stocks last"
      ],
      "-6": [
        "Free gift when you buy selected Jimmy Choo fragrances - online only, whilst stocks last",
        "Free gift when you buy selected Jimmy Choo fragrances - online only, whilst stocks last"
      ]
    },
    "adCardPoints": 216
  },
  {
    "_id": {
      "$oid": "65ec108d9884656b92f558c0"
    },
    "ppuQuantity": "40ML",
    "pricing": {
      "perUnit": "£125.00 per 100ML",
      "regular": {
        "value": 50,
        "currency": "GBP",
        "text": "£50.00"
      },
      "current": {
        "value": 50,
        "currency": "GBP",
        "text": "£50.00"
      }
    },
    "objectId": "2713739",
    "brand": "Jimmy Choo",
    "attributes": {
      "fragrance_scent": "chypre",
      "gender": "womens",
      "StockOverrideMessage": "STOCK_COMING_SOON",
      "size": "31-40",
      "fragrance_type": "eau de parfum",
      "hasPriceAdvantageDeal": false,
      "ProductReviewFlag": "1"
    },
    "variants": {
      "colours": [],
      "hasColours": false,
      "hasSizes": false
    },
    "categories": [
      [
        {
          "name": "fragrance",
          "label": "fragrance"
        },
        {
          "name": "gift",
          "label": "gift"
        }
      ],
      [
        {
          "name": "5* rated perfumes & aftershaves",
          "label": "fragrance > 5* rated perfumes & aftershaves"
        },
        {
          "name": "perfume",
          "label": "fragrance > perfume"
        },
        {
          "name": "gifts for her",
          "label": "gift > gifts for her"
        },
        {
          "name": "luxury fragrance",
          "label": "fragrance > luxury fragrance"
        }
      ],
      [
        {
          "name": "all perfumes",
          "label": "fragrance > perfume > all perfumes"
        },
        {
          "name": "all perfumes",
          "label": "gift > gifts for her > all perfumes"
        }
      ]
    ],
    "reviews": {
      "average": 4.71,
      "count": 2588,
      "rounded": 4
    },
    "parent": {
      "product": "2713738",
      "partNumber": "10316826.P",
      "model": "10316826",
      "manufacturerModel": "3901149"
    },
    "images": {
      "thumbnail": "https://boots.scene7.com/is/image/Boots/10316826?wid=45&hei=60&op_sharpen=1"
    },
    "offers": [],
    "actions": {},
    "iconUri": "https://boots.scene7.com/is/image/Boots/10316826?op_sharpen=1",
    "title": "Jimmy Choo I Want Choo Forever Eau de Parfum 40ml",
    "referenceUri": "/jimmy-choo-i-want-choo-forever-eau-de-parfum-40ml-10316826",
    "canAddToBasket": "yes",
    "opticians": false,
    "inStock": true,
    "expressDelivery": false,
    "hasOtherPromotion": false,
    "channelPromotionalTextMap": {
      "-1": [],
      "-6": []
    },
    "adCardPoints": 150
  },
  {
    "_id": {
      "$oid": "65ec108d9884656b92f558c1"
    },
    "ppuQuantity": "50ML",
    "pricing": {
      "perUnit": "£76.00 per 100ML",
      "regular": {
        "value": 38,
        "currency": "GBP",
        "text": "£38.00"
      },
      "current": {
        "value": 38,
        "currency": "GBP",
        "text": "£38.00"
      }
    },
    "objectId": "2314515",
    "brand": "Jennifer Lopez",
    "attributes": {
      "fragrance_scent": [
        "floral",
        "woody",
        "jasmine",
        "fruity"
      ],
      "StockOverrideMessage": "STOCK_COMING_SOON",
      "fragrance_type": "eau de parfum",
      "hasPriceAdvantageDeal": false,
      "Reporting_Category": "fragrance",
      "ProductReviewFlag": "1"
    },
    "variants": {
      "colours": [],
      "hasColours": false,
      "hasSizes": false
    },
    "categories": [
      [
        {
          "name": "fragrance",
          "label": "fragrance"
        },
        {
          "name": "gift",
          "label": "gift"
        }
      ],
      [
        {
          "name": "5* rated perfumes & aftershaves",
          "label": "fragrance > 5* rated perfumes & aftershaves"
        },
        {
          "name": "perfume",
          "label": "fragrance > perfume"
        },
        {
          "name": "gifts for her",
          "label": "gift > gifts for her"
        },
        {
          "name": "celebrity fragrance",
          "label": "fragrance > celebrity fragrance"
        }
      ],
      [
        {
          "name": "all perfumes",
          "label": "fragrance > perfume > all perfumes"
        },
        {
          "name": "floral perfume",
          "label": "fragrance > perfume > floral perfume"
        },
        {
          "name": "all perfumes",
          "label": "gift > gifts for her > all perfumes"
        }
      ]
    ],
    "reviews": {
      "average": 4.71,
      "count": 34,
      "rounded": 4
    },
    "parent": {
      "product": "2314514",
      "partNumber": "10269797.P",
      "model": "10269797",
      "manufacturerModel": "8618151"
    },
    "images": {
      "thumbnail": "https://boots.scene7.com/is/image/Boots/10269797?wid=45&hei=60&op_sharpen=1"
    },
    "offers": [],
    "actions": {},
    "iconUri": "https://boots.scene7.com/is/image/Boots/10269797?op_sharpen=1",
    "title": "Promise by Jennifer Lopez Eau de Parfum 50ml",
    "referenceUri": "/promise-by-jennifer-lopez-50ml-10269797",
    "canAddToBasket": "yes",
    "opticians": false,
    "inStock": true,
    "expressDelivery": false,
    "hasOtherPromotion": false,
    "channelPromotionalTextMap": {
      "-1": [],
      "-6": []
    },
    "adCardPoints": 114
  },
  {
    "_id": {
      "$oid": "65ec108d9884656b92f558c2"
    },
    "ppuQuantity": "100ML",
    "pricing": {
      "perUnit": "£85.00 per 100ML",
      "regular": {
        "value": 100,
        "currency": "GBP",
        "text": "£100.00"
      },
      "current": {
        "value": 85,
        "currency": "GBP",
        "text": "£85.00"
      },
      "saving": {
        "value": 15,
        "currency": "GBP",
        "text": "£15.00"
      }
    },
    "objectId": "2291437",
    "brand": "Hermes",
    "attributes": {
      "fragrance_scent": [
        "citrus",
        "woody"
      ],
      "size": "71-100",
      "StockOverrideMessage": "STOCK_COMING_SOON",
      "gender": "unisex",
      "format": "spray",
      "fragrance_type": [
        "aftershave",
        "eau de cologne"
      ],
      "hasPriceAdvantageDeal": false,
      "Reporting_Category": "fragrance",
      "ProductReviewFlag": "1"
    },
    "variants": {
      "colours": [],
      "hasColours": false,
      "hasSizes": false
    },
    "categories": [
      [
        {
          "name": "men's",
          "label": "men's"
        },
        {
          "name": "toiletries",
          "label": "toiletries"
        },
        {
          "name": "fragrance",
          "label": "fragrance"
        },
        {
          "name": "gift",
          "label": "gift"
        }
      ],
      [
        {
          "name": "aftershave",
          "label": "men's > aftershave"
        },
        {
          "name": "men's toiletries",
          "label": "toiletries > men's toiletries"
        },
        {
          "name": "men's toiletries",
          "label": "men's > men's toiletries"
        },
        {
          "name": "perfume",
          "label": "fragrance > perfume"
        },
        {
          "name": "aftershave",
          "label": "fragrance > aftershave"
        },
        {
          "name": "recommended",
          "label": "fragrance > recommended"
        },
        {
          "name": "gifts for him",
          "label": "gift > gifts for him"
        },
        {
          "name": "gifts for her",
          "label": "gift > gifts for her"
        },
        {
          "name": "5* rated perfumes & aftershaves",
          "label": "fragrance > 5* rated perfumes & aftershaves"
        }
      ],
      [
        {
          "name": "aftershave",
          "label": "toiletries > men's toiletries > aftershave"
        },
        {
          "name": "aftershave",
          "label": "men's > men's toiletries > aftershave"
        },
        {
          "name": "all perfumes",
          "label": "fragrance > perfume > all perfumes"
        },
        {
          "name": "all aftershave",
          "label": "fragrance > aftershave > all aftershave"
        },
        {
          "name": "cologne",
          "label": "fragrance > aftershave > cologne"
        },
        {
          "name": "unisex fragrance",
          "label": "fragrance > recommended > unisex fragrance"
        },
        {
          "name": "all aftershave",
          "label": "gift > gifts for him > all aftershave"
        },
        {
          "name": "all perfumes",
          "label": "gift > gifts for her > all perfumes"
        },
        {
          "name": "all aftershave",
          "label": "men's > aftershave > all aftershave"
        },
        {
          "name": "cologne",
          "label": "men's > aftershave > cologne"
        }
      ],
      [
        {
          "name": "all aftershave",
          "label": "toiletries > men's toiletries > aftershave > all aftershave"
        },
        {
          "name": "cologne",
          "label": "toiletries > men's toiletries > aftershave > cologne"
        },
        {
          "name": "all aftershave",
          "label": "men's > men's toiletries > aftershave > all aftershave"
        },
        {
          "name": "cologne",
          "label": "men's > men's toiletries > aftershave > cologne"
        }
      ]
    ],
    "reviews": {
      "average": 4.67,
      "count": 3,
      "rounded": 4
    },
    "parent": {
      "product": "2291436",
      "partNumber": "10266543.P",
      "model": "10266543",
      "manufacturerModel": "8214360"
    },
    "images": {
      "thumbnail": "https://boots.scene7.com/is/image/Boots/10266543?wid=45&hei=60&op_sharpen=1"
    },
    "offers": [
      {
        "text": "Save up to 20 percent on selected fragrances"
      }
    ],
    "actions": {},
    "iconUri": "https://boots.scene7.com/is/image/Boots/10266543?op_sharpen=1",
    "title": "Hermès Eau De Citron Noir Eau de Cologne 100ml",
    "referenceUri": "/hermes-eau-de-citron-noir-eau-de-cologne-100ml-10266543",
    "canAddToBasket": "yes",
    "opticians": false,
    "inStock": true,
    "expressDelivery": false,
    "hasOtherPromotion": true,
    "channelPromotionalTextMap": {
      "-1": [
        "Save up to 20 percent on selected fragrances"
      ],
      "-6": [
        "Save up to 20 percent on selected fragrances"
      ]
    },
    "adCardPoints": 255
  },
  {
    "_id": {
      "$oid": "65ec108d9884656b92f558c3"
    },
    "ppuQuantity": "50ML",
    "pricing": {
      "perUnit": "£198.00 per 100ML",
      "regular": {
        "value": 99,
        "currency": "GBP",
        "text": "£99.00"
      },
      "current": {
        "value": 99,
        "currency": "GBP",
        "text": "£99.00"
      }
    },
    "objectId": "2431511",
    "brand": "Tiffany",
    "attributes": {
      "fragrance_scent": "floral",
      "size": "41-50",
      "gender": "womens",
      "StockOverrideMessage": "STOCK_COMING_SOON",
      "format": "spray",
      "fragrance_type": "eau de parfum",
      "hasPriceAdvantageDeal": false,
      "Reporting_Category": "fragrance",
      "gift_type": "fragrance gifts",
      "ProductReviewFlag": "1"
    },
    "variants": {
      "colours": [],
      "hasColours": false,
      "hasSizes": false
    },
    "categories": [
      [
        {
          "name": "mother's day",
          "label": "mother's day"
        },
        {
          "name": "fragrance",
          "label": "fragrance"
        },
        {
          "name": "gift",
          "label": "gift"
        }
      ],
      [
        {
          "name": "shop all",
          "label": "mother's day > shop all"
        },
        {
          "name": "perfume",
          "label": "fragrance > perfume"
        },
        {
          "name": "gifts for her",
          "label": "gift > gifts for her"
        },
        {
          "name": "fragrance offers",
          "label": "fragrance > fragrance offers"
        },
        {
          "name": "5* rated perfumes & aftershaves",
          "label": "fragrance > 5* rated perfumes & aftershaves"
        }
      ],
      [
        {
          "name": "all perfumes",
          "label": "fragrance > perfume > all perfumes"
        },
        {
          "name": "floral perfume",
          "label": "fragrance > perfume > floral perfume"
        },
        {
          "name": "all perfumes",
          "label": "gift > gifts for her > all perfumes"
        }
      ]
    ],
    "reviews": {
      "average": 4.65,
      "count": 229,
      "rounded": 4
    },
    "parent": {
      "product": "2431510",
      "partNumber": "10285621.P",
      "model": "10285621",
      "manufacturerModel": "8961522"
    },
    "images": {
      "thumbnail": "https://boots.scene7.com/is/image/Boots/10285621?wid=45&hei=60&op_sharpen=1"
    },
    "offers": [],
    "actions": {},
    "iconUri": "https://boots.scene7.com/is/image/Boots/10285621?op_sharpen=1",
    "title": "Tiffany & CO. Tiffany Eau De Parfum for Her 50ml",
    "referenceUri": "/tiffany-co-tiffany-eau-de-parfum-50ml-10285621",
    "canAddToBasket": "yes",
    "opticians": false,
    "inStock": true,
    "expressDelivery": false,
    "hasOtherPromotion": false,
    "channelPromotionalTextMap": {
      "-1": [],
      "-6": []
    },
    "adCardPoints": 297
  },
  {
    "_id": {
      "$oid": "65ec108d9884656b92f558c4"
    },
    "ppuQuantity": "60ML",
    "pricing": {
      "perUnit": "£110.00 per 100ML",
      "regular": {
        "value": 66,
        "currency": "GBP",
        "text": "£66.00"
      },
      "current": {
        "value": 66,
        "currency": "GBP",
        "text": "£66.00"
      }
    },
    "objectId": "2793621",
    "brand": "Jimmy Choo",
    "attributes": {
      "fragrance_scent": "floral",
      "StockOverrideMessage": "STOCK_COMING_SOON",
      "size": "51-70",
      "gender": "womens",
      "fragrance_type": "eau de parfum",
      "hasPriceAdvantageDeal": false,
      "ProductReviewFlag": "1"
    },
    "variants": {
      "colours": [],
      "hasColours": false,
      "hasSizes": false
    },
    "categories": [
      [
        {
          "name": "new in",
          "label": "new in"
        },
        {
          "name": "fragrance",
          "label": "fragrance"
        },
        {
          "name": "gift",
          "label": "gift"
        }
      ],
      [
        {
          "name": "new in fragrance",
          "label": "new in > new in fragrance"
        },
        {
          "name": "perfume",
          "label": "fragrance > perfume"
        },
        {
          "name": "gifts for her",
          "label": "gift > gifts for her"
        },
        {
          "name": "new in fragrance",
          "label": "fragrance > new in fragrance"
        },
        {
          "name": "brands",
          "label": "fragrance > brands"
        },
        {
          "name": "5* rated perfumes & aftershaves",
          "label": "fragrance > 5* rated perfumes & aftershaves"
        }
      ],
      [
        {
          "name": "all perfumes",
          "label": "fragrance > perfume > all perfumes"
        },
        {
          "name": "floral perfume",
          "label": "fragrance > perfume > floral perfume"
        },
        {
          "name": "all perfumes",
          "label": "gift > gifts for her > all perfumes"
        }
      ]
    ],
    "reviews": {
      "average": 4.64,
      "count": 294,
      "rounded": 4
    },
    "parent": {
      "product": "2793620",
      "partNumber": "10323935.P",
      "model": "10323935",
      "manufacturerModel": "5290805"
    },
    "images": {
      "thumbnail": "https://boots.scene7.com/is/image/Boots/10323935?wid=45&hei=60&op_sharpen=1"
    },
    "offers": [
      {
        "text": "Free gift when you buy selected Jimmy Choo fragrances - online only, whilst stocks last"
      }
    ],
    "actions": {},
    "iconUri": "https://boots.scene7.com/is/image/Boots/10323935?op_sharpen=1",
    "title": "Jimmy Choo Rose Passion Eau de Parfum 60ml",
    "referenceUri": "/jimmy-choo-rose-passion-eau-de-parfum-60ml-10323935",
    "canAddToBasket": "yes",
    "opticians": false,
    "inStock": true,
    "expressDelivery": false,
    "hasOtherPromotion": true,
    "channelPromotionalTextMap": {
      "-1": [
        "Free gift when you buy selected Jimmy Choo fragrances - online only, whilst stocks last"
      ],
      "-6": [
        "Free gift when you buy selected Jimmy Choo fragrances - online only, whilst stocks last"
      ]
    },
    "adCardPoints": 198
  },
  {
    "_id": {
      "$oid": "65ec108d9884656b92f558c5"
    },
    "ppuQuantity": "50ML",
    "pricing": {
      "perUnit": "£156.40 per 100ML",
      "regular": {
        "value": 92,
        "currency": "GBP",
        "text": "£92.00"
      },
      "current": {
        "value": 78.2,
        "currency": "GBP",
        "text": "£78.20"
      },
      "saving": {
        "value": 13.8,
        "currency": "GBP",
        "text": "£13.80"
      }
    },
    "objectId": "2694353",
    "brand": "Giorgio Armani",
    "attributes": {
      "fragrance_scent": "floral",
      "StockOverrideMessage": "STOCK_COMING_SOON",
      "size": "41-50",
      "gender": "womens",
      "fragrance_type": "eau de parfum",
      "hasPriceAdvantageDeal": false,
      "Reporting_Category": "fragrance",
      "ProductReviewFlag": "1"
    },
    "variants": {
      "colours": [],
      "hasColours": false,
      "hasSizes": false
    },
    "categories": [
      [
        {
          "name": "fragrance",
          "label": "fragrance"
        },
        {
          "name": "gift",
          "label": "gift"
        }
      ],
      [
        {
          "name": "5* rated perfumes & aftershaves",
          "label": "fragrance > 5* rated perfumes & aftershaves"
        },
        {
          "name": "perfume",
          "label": "fragrance > perfume"
        },
        {
          "name": "recommended",
          "label": "fragrance > recommended"
        },
        {
          "name": "gifts for her",
          "label": "gift > gifts for her"
        },
        {
          "name": "luxury fragrance",
          "label": "fragrance > luxury fragrance"
        }
      ],
      [
        {
          "name": "all perfumes",
          "label": "fragrance > perfume > all perfumes"
        },
        {
          "name": "best summer fragrances",
          "label": "fragrance > recommended > best summer fragrances"
        },
        {
          "name": "all perfumes",
          "label": "gift > gifts for her > all perfumes"
        }
      ]
    ],
    "reviews": {
      "average": 4.64,
      "count": 2630,
      "rounded": 4
    },
    "parent": {
      "product": "2694352",
      "partNumber": "10314493.P",
      "model": "10314493",
      "manufacturerModel": "3360148"
    },
    "images": {
      "thumbnail": "https://boots.scene7.com/is/image/Boots/10314493?wid=45&hei=60&op_sharpen=1"
    },
    "offers": [
      {
        "text": "Save up to 20 percent on selected fragrances"
      }
    ],
    "actions": {},
    "iconUri": "https://boots.scene7.com/is/image/Boots/10314493?op_sharpen=1",
    "title": "Armani My Way Floral Eau de Parfum 50ml",
    "referenceUri": "/armani-my-way-floral-eau-de-parfum-50ml-10314493",
    "canAddToBasket": "yes",
    "opticians": false,
    "inStock": true,
    "expressDelivery": false,
    "hasOtherPromotion": true,
    "channelPromotionalTextMap": {
      "-1": [
        "Save up to 20 percent on selected fragrances"
      ],
      "-6": [
        "Save up to 20 percent on selected fragrances"
      ]
    },
    "adCardPoints": 234
  },
  {
    "_id": {
      "$oid": "65ec108d9884656b92f558c6"
    },
    "ppuQuantity": "50ML",
    "pricing": {
      "perUnit": "£139.20 per 100ML",
      "regular": {
        "value": 87,
        "currency": "GBP",
        "text": "£87.00"
      },
      "current": {
        "value": 69.6,
        "currency": "GBP",
        "text": "£69.60"
      },
      "saving": {
        "value": 17.4,
        "currency": "GBP",
        "text": "£17.40"
      }
    },
    "objectId": "2414450",
    "brand": "Hugo Boss",
    "attributes": {
      "fragrance_scent": [
        "fruity",
        "woody",
        "vanilla"
      ],
      "size": "41-50",
      "StockOverrideMessage": "STOCK_COMING_SOON",
      "gender": "womens",
      "fragrance_type": "eau de parfum",
      "hasPriceAdvantageDeal": false,
      "Reporting_Category": "fragrance",
      "ProductReviewFlag": "1"
    },
    "variants": {
      "colours": [],
      "hasColours": false,
      "hasSizes": false
    },
    "categories": [
      [
        {
          "name": "fragrance",
          "label": "fragrance"
        },
        {
          "name": "gift",
          "label": "gift"
        }
      ],
      [
        {
          "name": "recommended",
          "label": "fragrance > recommended"
        },
        {
          "name": "perfume",
          "label": "fragrance > perfume"
        },
        {
          "name": "gifts for her",
          "label": "gift > gifts for her"
        },
        {
          "name": "fragrance offers",
          "label": "fragrance > fragrance offers"
        },
        {
          "name": "5* rated perfumes & aftershaves",
          "label": "fragrance > 5* rated perfumes & aftershaves"
        }
      ],
      [
        {
          "name": "all perfumes",
          "label": "fragrance > perfume > all perfumes"
        },
        {
          "name": "vanilla perfume",
          "label": "fragrance > perfume > vanilla perfume"
        },
        {
          "name": "trending fragrance",
          "label": "fragrance > recommended > trending fragrance"
        },
        {
          "name": "all perfumes",
          "label": "gift > gifts for her > all perfumes"
        }
      ]
    ],
    "reviews": {
      "average": 4.63,
      "count": 75,
      "rounded": 4
    },
    "parent": {
      "product": "2414449",
      "partNumber": "10282296.P",
      "model": "10282296",
      "manufacturerModel": "8860920"
    },
    "images": {
      "thumbnail": "https://boots.scene7.com/is/image/Boots/10282296?wid=45&hei=60&op_sharpen=1"
    },
    "offers": [
      {
        "text": "Save up to 20 percent on selected fragrances"
      }
    ],
    "actions": {},
    "iconUri": "https://boots.scene7.com/is/image/Boots/10282296?op_sharpen=1",
    "title": "BOSS Alive Eau de Parfum For Her 50ml",
    "referenceUri": "/boss-alive-50ml-10282296",
    "canAddToBasket": "yes",
    "opticians": false,
    "inStock": true,
    "expressDelivery": false,
    "hasOtherPromotion": true,
    "channelPromotionalTextMap": {
      "-1": [
        "Save up to 20 percent on selected fragrances"
      ],
      "-6": [
        "Save up to 20 percent on selected fragrances"
      ]
    },
    "adCardPoints": 207
  },
  {
    "_id": {
      "$oid": "65ec108d9884656b92f558c7"
    },
    "ppuQuantity": "100ML",
    "pricing": {
      "perUnit": "£34.00 per 100ML",
      "regular": {
        "value": 34,
        "currency": "GBP",
        "text": "£34.00"
      },
      "current": {
        "value": 34,
        "currency": "GBP",
        "text": "£34.00"
      }
    },
    "objectId": "2353527",
    "brand": "Karl Lagerfeld",
    "attributes": {
      "fragrance_scent": [
        "fruity",
        "floral"
      ],
      "gender": "womens",
      "size": "71-100",
      "StockOverrideMessage": "STOCK_COMING_SOON",
      "fragrance_type": "eau de parfum",
      "format": "spray",
      "hasPriceAdvantageDeal": false,
      "Reporting_Category": "fragrance",
      "ProductReviewFlag": "1"
    },
    "variants": {
      "colours": [],
      "hasColours": false,
      "hasSizes": false
    },
    "categories": [
      [
        {
          "name": "new in",
          "label": "new in"
        },
        {
          "name": "fragrance",
          "label": "fragrance"
        },
        {
          "name": "gift",
          "label": "gift"
        }
      ],
      [
        {
          "name": "new in fragrance",
          "label": "new in > new in fragrance"
        },
        {
          "name": "perfume",
          "label": "fragrance > perfume"
        },
        {
          "name": "gifts for her",
          "label": "gift > gifts for her"
        },
        {
          "name": "new in fragrance",
          "label": "fragrance > new in fragrance"
        },
        {
          "name": "5* rated perfumes & aftershaves",
          "label": "fragrance > 5* rated perfumes & aftershaves"
        }
      ],
      [
        {
          "name": "all perfumes",
          "label": "fragrance > perfume > all perfumes"
        },
        {
          "name": "floral perfume",
          "label": "fragrance > perfume > floral perfume"
        },
        {
          "name": "all perfumes",
          "label": "gift > gifts for her > all perfumes"
        }
      ]
    ],
    "reviews": {
      "average": 4.63,
      "count": 796,
      "rounded": 4
    },
    "parent": {
      "product": "2353526",
      "partNumber": "10275507.P",
      "model": "10275507",
      "manufacturerModel": "8758344"
    },
    "images": {
      "thumbnail": "https://boots.scene7.com/is/image/Boots/10275507?wid=45&hei=60&op_sharpen=1"
    },
    "offers": [],
    "actions": {},
    "iconUri": "https://boots.scene7.com/is/image/Boots/10275507?op_sharpen=1",
    "title": "Karl Lagerfeld Fleur de Pêcher Eau de Parfum 100ml",
    "referenceUri": "/karl-lagerfeld-fleur-de-pecher-eau-de-parfum-100ml-10275507",
    "canAddToBasket": "yes",
    "opticians": false,
    "inStock": true,
    "expressDelivery": false,
    "hasOtherPromotion": false,
    "channelPromotionalTextMap": {
      "-1": [],
      "-6": []
    },
    "adCardPoints": 102
  },
  {
    "_id": {
      "$oid": "65ec108d9884656b92f558c8"
    },
    "ppuQuantity": "100ML",
    "pricing": {
      "perUnit": "£50.00 per 100ML",
      "regular": {
        "value": 50,
        "currency": "GBP",
        "text": "£50.00"
      },
      "current": {
        "value": 50,
        "currency": "GBP",
        "text": "£50.00"
      }
    },
    "objectId": "1885626",
    "brand": "Ariana Grande",
    "attributes": {
      "fragrance_scent": [
        "fruity",
        "vanilla"
      ],
      "StockOverrideMessage": "STOCK_COMING_SOON",
      "gender": "womens",
      "parentCategory_UK": "33071",
      "fragrance_type": "eau de parfum",
      "format": "spray",
      "hasPriceAdvantageDeal": false,
      "ProductReviewFlag": "1"
    },
    "variants": {
      "colours": [],
      "hasColours": false,
      "hasSizes": false
    },
    "categories": [
      [
        {
          "name": "fragrance",
          "label": "fragrance"
        },
        {
          "name": "gift",
          "label": "gift"
        }
      ],
      [
        {
          "name": "5* rated perfumes & aftershaves",
          "label": "fragrance > 5* rated perfumes & aftershaves"
        },
        {
          "name": "perfume",
          "label": "fragrance > perfume"
        },
        {
          "name": "gifts for her",
          "label": "gift > gifts for her"
        },
        {
          "name": "celebrity fragrance",
          "label": "fragrance > celebrity fragrance"
        }
      ],
      [
        {
          "name": "all perfumes",
          "label": "fragrance > perfume > all perfumes"
        },
        {
          "name": "all perfumes",
          "label": "gift > gifts for her > all perfumes"
        }
      ]
    ],
    "reviews": {
      "average": 4.63,
      "count": 57,
      "rounded": 4
    },
    "parent": {
      "product": "1885625",
      "partNumber": "10220705.P",
      "model": "10220705",
      "manufacturerModel": "6670822"
    },
    "images": {
      "thumbnail": "https://boots.scene7.com/is/image/Boots/10220705?wid=45&hei=60&op_sharpen=1"
    },
    "offers": [],
    "actions": {},
    "iconUri": "https://boots.scene7.com/is/image/Boots/10220705?op_sharpen=1",
    "title": "Sweet Like Candy by Ariana Grande Eau de Parfum Spray 100ml",
    "referenceUri": "/sweet-like-candy-by-ariana-grande-eau-de-parfum-spray-100ml-10220705",
    "canAddToBasket": "yes",
    "opticians": false,
    "inStock": true,
    "expressDelivery": false,
    "hasOtherPromotion": false,
    "channelPromotionalTextMap": {
      "-1": [],
      "-6": []
    },
    "adCardPoints": 150
  },
  {
    "_id": {
      "$oid": "65ec108d9884656b92f558c9"
    },
    "ppuQuantity": "50ML",
    "pricing": {
      "perUnit": "£174.00 per 100ML",
      "regular": {
        "value": 87,
        "currency": "GBP",
        "text": "£87.00"
      },
      "current": {
        "value": 87,
        "currency": "GBP",
        "text": "£87.00"
      }
    },
    "objectId": "1124283",
    "brand": "Narciso Rodriguez",
    "attributes": {
      "fragrance_scent": [
        "amber",
        "musk",
        "citrus",
        "woody",
        "floral"
      ],
      "gender": "womens",
      "size": "41-50",
      "StockOverrideMessage": "STOCK_COMING_SOON",
      "parentCategory_UK": "33071",
      "fragrance_type": "eau de parfum",
      "hasPriceAdvantageDeal": false,
      "Reporting_Category": "fragrance",
      "ProductReviewFlag": "1"
    },
    "variants": {
      "colours": [],
      "hasColours": false,
      "hasSizes": false
    },
    "categories": [
      [
        {
          "name": "fragrance",
          "label": "fragrance"
        },
        {
          "name": "beauty & skincare",
          "label": "beauty & skincare"
        },
        {
          "name": "gift",
          "label": "gift"
        }
      ],
      [
        {
          "name": "perfume",
          "label": "fragrance > perfume"
        },
        {
          "name": "beauty awards",
          "label": "beauty & skincare > beauty awards"
        },
        {
          "name": "gifts for her",
          "label": "gift > gifts for her"
        },
        {
          "name": "trending on social",
          "label": "beauty & skincare > trending on social"
        }
      ],
      [
        {
          "name": "beauty awards nominees",
          "label": "beauty & skincare > beauty awards > beauty awards nominees"
        },
        {
          "name": "all perfumes",
          "label": "fragrance > perfume > all perfumes"
        },
        {
          "name": "musky perfume",
          "label": "fragrance > perfume > musky perfume"
        },
        {
          "name": "floral perfume",
          "label": "fragrance > perfume > floral perfume"
        },
        {
          "name": "amber perfume",
          "label": "fragrance > perfume > amber perfume"
        },
        {
          "name": "all perfumes",
          "label": "gift > gifts for her > all perfumes"
        }
      ]
    ],
    "reviews": {
      "average": 4.63,
      "count": 19,
      "rounded": 4
    },
    "parent": {
      "product": "1124282",
      "partNumber": "10113364.P",
      "model": "10113364",
      "manufacturerModel": "2431556"
    },
    "images": {
      "thumbnail": "https://boots.scene7.com/is/image/Boots/10113364?wid=45&hei=60&op_sharpen=1"
    },
    "offers": [
      {
        "text": "Free Narciso Rodriguez mirror and case when you buy selected fragrance - online only, whilst stocks last"
      }
    ],
    "actions": {},
    "iconUri": "https://boots.scene7.com/is/image/Boots/10113364?op_sharpen=1",
    "title": "Narciso Rodriguez for her Eau de Parfum 50ml",
    "referenceUri": "/narciso-rodriguez-for-her-eau-de-parfum-50ml-10113364",
    "canAddToBasket": "yes",
    "opticians": false,
    "inStock": true,
    "expressDelivery": false,
    "hasOtherPromotion": true,
    "channelPromotionalTextMap": {
      "-1": [
        "Free Narciso Rodriguez mirror and case when you buy selected fragrance - online only, whilst stocks last"
      ],
      "-6": [
        "Free Narciso Rodriguez mirror and case when you buy selected fragrance - online only, whilst stocks last"
      ]
    },
    "adCardPoints": 261
  },
  {
    "_id": {
      "$oid": "65ec108d9884656b92f558ca"
    },
    "ppuQuantity": "200ML",
    "pricing": {
      "perUnit": "£68.00 per 100ML",
      "regular": {
        "value": 160,
        "currency": "GBP",
        "text": "£160.00"
      },
      "current": {
        "value": 136,
        "currency": "GBP",
        "text": "£136.00"
      },
      "saving": {
        "value": 24,
        "currency": "GBP",
        "text": "£24.00"
      }
    },
    "objectId": "2865105",
    "brand": "Jean Paul Gaultier",
    "attributes": {
      "fragrance_scent": "floral",
      "suitable_for": "vegan",
      "product_type": "body spray",
      "StockOverrideMessage": "STOCK_COMING_SOON",
      "gender": "womens",
      "size": "200",
      "format": "spray",
      "fragrance_type": "eau de parfum",
      "hasPriceAdvantageDeal": false,
      "ProductReviewFlag": "1"
    },
    "variants": {
      "colours": [],
      "hasColours": false,
      "hasSizes": false
    },
    "categories": [
      [
        {
          "name": "fragrance",
          "label": "fragrance"
        },
        {
          "name": "gift",
          "label": "gift"
        },
        {
          "name": "new in",
          "label": "new in"
        }
      ],
      [
        {
          "name": "perfume",
          "label": "fragrance > perfume"
        },
        {
          "name": "gifts for her",
          "label": "gift > gifts for her"
        },
        {
          "name": "luxury fragrance",
          "label": "fragrance > luxury fragrance"
        },
        {
          "name": "new in fragrance",
          "label": "fragrance > new in fragrance"
        },
        {
          "name": "brands",
          "label": "fragrance > brands"
        },
        {
          "name": "new in fragrance",
          "label": "new in > new in fragrance"
        }
      ],
      [
        {
          "name": "all perfumes",
          "label": "fragrance > perfume > all perfumes"
        },
        {
          "name": "floral perfume",
          "label": "fragrance > perfume > floral perfume"
        },
        {
          "name": "perfume refill bottles",
          "label": "fragrance > perfume > perfume refill bottles"
        },
        {
          "name": "all perfumes",
          "label": "gift > gifts for her > all perfumes"
        }
      ]
    ],
    "reviews": {
      "average": 4.6,
      "count": 878,
      "rounded": 4
    },
    "parent": {
      "product": "2865104",
      "partNumber": "10332268.P",
      "model": "10332268",
      "manufacturerModel": "5747511"
    },
    "images": {
      "thumbnail": "https://boots.scene7.com/is/image/Boots/10332268?wid=45&hei=60&op_sharpen=1"
    },
    "offers": [
      {
        "text": "Save up to 20 percent on selected fragrances"
      }
    ],
    "actions": {},
    "iconUri": "https://boots.scene7.com/is/image/Boots/10332268?op_sharpen=1",
    "title": "Jean Paul Gaultier Gaultier Divine Eau de Parfum Refill 200ml",
    "referenceUri": "/jean-paul-gaultier-divine-eau-de-parfum-refill-200ml-10332268",
    "canAddToBasket": "yes",
    "opticians": false,
    "inStock": true,
    "expressDelivery": false,
    "hasOtherPromotion": true,
    "channelPromotionalTextMap": {
      "-1": [
        "Save up to 20 percent on selected fragrances"
      ],
      "-6": [
        "Save up to 20 percent on selected fragrances"
      ]
    },
    "adCardPoints": 408
  },
  {
    "_id": {
      "$oid": "65ec108d9884656b92f558cb"
    },
    "ppuQuantity": "100ML",
    "pricing": {
      "perUnit": "£91.00 per 100ML",
      "regular": {
        "value": 91,
        "currency": "GBP",
        "text": "£91.00"
      },
      "current": {
        "value": 91,
        "currency": "GBP",
        "text": "£91.00"
      }
    },
    "objectId": "1154898",
    "brand": "Jimmy Choo",
    "attributes": {
      "fragrance_scent": [
        "amber",
        "fruity",
        "spicy",
        "sweet",
        "woody"
      ],
      "StockOverrideMessage": "STOCK_COMING_SOON",
      "gender": "womens",
      "Size": "100ml",
      "parentCategory_UK": "33071",
      "fragrance_type": "eau de parfum",
      "hasPriceAdvantageDeal": false,
      "Reporting_Category": "fragrance",
      "ProductReviewFlag": "1"
    },
    "variants": {
      "colours": [],
      "hasColours": false,
      "hasSizes": false
    },
    "categories": [
      [
        {
          "name": "fragrance",
          "label": "fragrance"
        },
        {
          "name": "gift",
          "label": "gift"
        }
      ],
      [
        {
          "name": "perfume",
          "label": "fragrance > perfume"
        },
        {
          "name": "gifts for her",
          "label": "gift > gifts for her"
        }
      ],
      [
        {
          "name": "all perfumes",
          "label": "fragrance > perfume > all perfumes"
        },
        {
          "name": "amber perfume",
          "label": "fragrance > perfume > amber perfume"
        },
        {
          "name": "all perfumes",
          "label": "gift > gifts for her > all perfumes"
        }
      ]
    ],
    "reviews": {
      "average": 4.6,
      "count": 428,
      "rounded": 4
    },
    "parent": {
      "product": "1154897",
      "partNumber": "10118946.P",
      "model": "10118946",
      "manufacturerModel": "4841018"
    },
    "images": {
      "thumbnail": "https://boots.scene7.com/is/image/Boots/10118946?wid=45&hei=60&op_sharpen=1"
    },
    "offers": [
      {
        "text": "Free gift when you buy selected Jimmy Choo fragrances - online only, whilst stocks last"
      }
    ],
    "actions": {},
    "iconUri": "https://boots.scene7.com/is/image/Boots/10118946?op_sharpen=1",
    "title": "Jimmy Choo Eau de Parfum 100ml",
    "referenceUri": "/jimmy-choo-eau-de-parfum-100ml-10118946",
    "canAddToBasket": "yes",
    "opticians": false,
    "inStock": true,
    "expressDelivery": false,
    "hasOtherPromotion": true,
    "channelPromotionalTextMap": {
      "-1": [
        "Free gift when you buy selected Jimmy Choo fragrances - online only, whilst stocks last"
      ],
      "-6": [
        "Free gift when you buy selected Jimmy Choo fragrances - online only, whilst stocks last"
      ]
    },
    "adCardPoints": 273
  },
  {
    "_id": {
      "$oid": "65ec108d9884656b92f558cc"
    },
    "ppuQuantity": "75ML",
    "pricing": {
      "perUnit": "£92.93 per 100ML",
      "regular": {
        "value": 82,
        "currency": "GBP",
        "text": "£82.00"
      },
      "current": {
        "value": 69.7,
        "currency": "GBP",
        "text": "£69.70"
      },
      "saving": {
        "value": 12.3,
        "currency": "GBP",
        "text": "£12.30"
      }
    },
    "objectId": "869406",
    "brand": "Christian Dior",
    "attributes": {
      "size": "71-100",
      "StockOverrideMessage": "STOCK_COMING_SOON",
      "parentCategory_UK": "33037",
      "fragrance_type": "eau de toilette",
      "format": "spray",
      "hasPriceAdvantageDeal": false,
      "Reporting_Category": "fragrance",
      "body_area": "body",
      "ProductReviewFlag": "1"
    },
    "variants": {
      "colours": [],
      "hasColours": false,
      "hasSizes": false
    },
    "categories": [
      [
        {
          "name": "fragrance",
          "label": "fragrance"
        },
        {
          "name": "beauty & skincare",
          "label": "beauty & skincare"
        },
        {
          "name": "gift",
          "label": "gift"
        }
      ],
      [
        {
          "name": "perfume",
          "label": "fragrance > perfume"
        },
        {
          "name": "premium beauty & skincare",
          "label": "beauty & skincare > premium beauty & skincare"
        },
        {
          "name": "gifts for her",
          "label": "gift > gifts for her"
        }
      ],
      [
        {
          "name": "save up to 25% across selected premium beauty and No7",
          "label": "beauty & skincare > premium beauty & skincare > save up to 25% across selected premium beauty and No7"
        },
        {
          "name": "all perfumes",
          "label": "fragrance > perfume > all perfumes"
        },
        {
          "name": "all perfumes",
          "label": "gift > gifts for her > all perfumes"
        }
      ]
    ],
    "reviews": {
      "average": 4.57,
      "count": 37,
      "rounded": 4
    },
    "parent": {
      "product": "869405",
      "partNumber": "10085349.P",
      "model": "10085349",
      "manufacturerModel": "2393999"
    },
    "images": {
      "thumbnail": "https://boots.scene7.com/is/image/Boots/10085349?wid=45&hei=60&op_sharpen=1"
    },
    "offers": [
      {
        "text": "Save up to 25 percent across selected Premium Beauty"
      }
    ],
    "actions": {},
    "iconUri": "https://boots.scene7.com/is/image/Boots/10085349?op_sharpen=1",
    "title": "DIOR Escale a Portofino Eau de Toilette 75ml",
    "referenceUri": "/dior-escale-a-portofino-eau-de-toilette-75ml-10085349",
    "canAddToBasket": "yes",
    "opticians": false,
    "inStock": true,
    "expressDelivery": false,
    "hasOtherPromotion": true,
    "channelPromotionalTextMap": {
      "-1": [
        "Save up to 25 percent across selected Premium Beauty"
      ],
      "-6": [
        "Save up to 25 percent across selected Premium Beauty"
      ]
    },
    "adCardPoints": 207
  },
  {
    "_id": {
      "$oid": "65ec108d9884656b92f558cd"
    },
    "ppuQuantity": "30ML",
    "pricing": {
      "perUnit": "£186.67 per 100ML",
      "regular": {
        "value": 70,
        "currency": "GBP",
        "text": "£70.00"
      },
      "current": {
        "value": 56,
        "currency": "GBP",
        "text": "£56.00"
      },
      "saving": {
        "value": 14,
        "currency": "GBP",
        "text": "£14.00"
      }
    },
    "objectId": "2631175",
    "brand": "Hugo Boss",
    "attributes": {
      "fragrance_scent": "amber",
      "gender": "womens",
      "StockOverrideMessage": "STOCK_COMING_SOON",
      "size": "21-30",
      "fragrance_type": "eau de parfum",
      "hasPriceAdvantageDeal": false,
      "Reporting_Category": "fragrance",
      "ProductReviewFlag": "1"
    },
    "variants": {
      "colours": [],
      "hasColours": false,
      "hasSizes": false
    },
    "categories": [
      [
        {
          "name": "fragrance",
          "label": "fragrance"
        },
        {
          "name": "gift",
          "label": "gift"
        }
      ],
      [
        {
          "name": "5* rated perfumes & aftershaves",
          "label": "fragrance > 5* rated perfumes & aftershaves"
        },
        {
          "name": "perfume",
          "label": "fragrance > perfume"
        },
        {
          "name": "gifts for her",
          "label": "gift > gifts for her"
        }
      ],
      [
        {
          "name": "all perfumes",
          "label": "fragrance > perfume > all perfumes"
        },
        {
          "name": "amber perfume",
          "label": "fragrance > perfume > amber perfume"
        },
        {
          "name": "all perfumes",
          "label": "gift > gifts for her > all perfumes"
        }
      ]
    ],
    "reviews": {
      "average": 4.57,
      "count": 49,
      "rounded": 4
    },
    "parent": {
      "product": "2631174",
      "partNumber": "10305637.P",
      "model": "10305637",
      "manufacturerModel": "8987793"
    },
    "images": {
      "thumbnail": "https://boots.scene7.com/is/image/Boots/10305637?wid=45&hei=60&op_sharpen=1"
    },
    "offers": [
      {
        "text": "Save up to 20 percent on selected fragrances"
      }
    ],
    "actions": {},
    "iconUri": "https://boots.scene7.com/is/image/Boots/10305637?op_sharpen=1",
    "title": "BOSS The Scent Le Parfum for Her 30ml",
    "referenceUri": "/boss-the-scent-le-parfum-for-her-30ml-10305637",
    "canAddToBasket": "yes",
    "opticians": false,
    "inStock": true,
    "expressDelivery": false,
    "hasOtherPromotion": true,
    "channelPromotionalTextMap": {
      "-1": [
        "Save up to 20 percent on selected fragrances"
      ],
      "-6": [
        "Save up to 20 percent on selected fragrances"
      ]
    },
    "adCardPoints": 168
  },
  {
    "_id": {
      "$oid": "65ec108d9884656b92f558ce"
    },
    "ppuQuantity": "50ML",
    "pricing": {
      "perUnit": "£153.00 per 100ML",
      "regular": {
        "value": 90,
        "currency": "GBP",
        "text": "£90.00"
      },
      "current": {
        "value": 76.5,
        "currency": "GBP",
        "text": "£76.50"
      },
      "saving": {
        "value": 13.5,
        "currency": "GBP",
        "text": "£13.50"
      }
    },
    "objectId": "2701123",
    "brand": "Viktor & Rolf",
    "attributes": {
      "fragrance_scent": "floral",
      "StockOverrideMessage": "STOCK_COMING_SOON",
      "size": "41-50",
      "gender": "womens",
      "fragrance_type": "eau de parfum",
      "recipient": "gifts for women",
      "hasPriceAdvantageDeal": false,
      "Reporting_Category": "fragrance",
      "gift_type": [
        "vegan gifts",
        "fragrance gifts"
      ],
      "ProductReviewFlag": "1"
    },
    "variants": {
      "colours": [],
      "hasColours": false,
      "hasSizes": false
    },
    "categories": [
      [
        {
          "name": "vegan",
          "label": "vegan"
        },
        {
          "name": "fragrance",
          "label": "fragrance"
        },
        {
          "name": "gift",
          "label": "gift"
        },
        {
          "name": "wellness",
          "label": "wellness"
        }
      ],
      [
        {
          "name": "perfume",
          "label": "fragrance > perfume"
        },
        {
          "name": "recommended",
          "label": "fragrance > recommended"
        },
        {
          "name": "gifts for her",
          "label": "gift > gifts for her"
        },
        {
          "name": "vegan",
          "label": "wellness > vegan"
        },
        {
          "name": "luxury fragrance",
          "label": "fragrance > luxury fragrance"
        },
        {
          "name": "brands",
          "label": "fragrance > brands"
        },
        {
          "name": "5* rated perfumes & aftershaves",
          "label": "fragrance > 5* rated perfumes & aftershaves"
        },
        {
          "name": "vegan fragrance",
          "label": "fragrance > vegan fragrance"
        },
        {
          "name": "vegan fragrance",
          "label": "vegan > vegan fragrance"
        }
      ],
      [
        {
          "name": "all perfumes",
          "label": "fragrance > perfume > all perfumes"
        },
        {
          "name": "floral perfume",
          "label": "fragrance > perfume > floral perfume"
        },
        {
          "name": "trending fragrance",
          "label": "fragrance > recommended > trending fragrance"
        },
        {
          "name": "all perfumes",
          "label": "gift > gifts for her > all perfumes"
        },
        {
          "name": "vegan fragrance",
          "label": "wellness > vegan > vegan fragrance"
        }
      ]
    ],
    "reviews": {
      "average": 4.56,
      "count": 4819,
      "rounded": 4
    },
    "parent": {
      "product": "2701122",
      "partNumber": "10315125.P",
      "model": "10315125",
      "manufacturerModel": "3553051"
    },
    "images": {
      "thumbnail": "https://boots.scene7.com/is/image/Boots/10315125?wid=45&hei=60&op_sharpen=1"
    },
    "offers": [
      {
        "text": "Free gift when you buy selected Viktor and Rolf Good Fortune fragrances - online only, whilst stocks last"
      },
      {
        "text": "Save up to 20 percent on selected fragrances"
      }
    ],
    "actions": {},
    "iconUri": "https://boots.scene7.com/is/image/Boots/10315125?op_sharpen=1",
    "title": "Viktor & Rolf Good Fortune Eau De Parfum 50ml",
    "referenceUri": "/viktorrolf-good-fortune-eau-de-parfum-50ml-10315125",
    "canAddToBasket": "yes",
    "opticians": false,
    "inStock": true,
    "expressDelivery": false,
    "hasOtherPromotion": true,
    "channelPromotionalTextMap": {
      "-1": [
        "Free gift when you buy selected Viktor and Rolf Good Fortune fragrances - online only, whilst stocks last",
        "Save up to 20 percent on selected fragrances"
      ],
      "-6": [
        "Free gift when you buy selected Viktor and Rolf Good Fortune fragrances - online only, whilst stocks last",
        "Save up to 20 percent on selected fragrances"
      ]
    },
    "adCardPoints": 228
  },
  {
    "_id": {
      "$oid": "65ec108d9884656b92f558cf"
    },
    "ppuQuantity": "50ML",
    "pricing": {
      "perUnit": "£136.00 per 100ML",
      "regular": {
        "value": 83,
        "currency": "GBP",
        "text": "£83.00"
      },
      "current": {
        "value": 68,
        "currency": "GBP",
        "text": "£68.00"
      },
      "saving": {
        "value": 15,
        "currency": "GBP",
        "text": "£15.00"
      }
    },
    "objectId": "2687615",
    "brand": "Kenzo",
    "attributes": {
      "fragrance_scent": "floral",
      "StockOverrideMessage": "STOCK_COMING_SOON",
      "gender": "unisex",
      "size": "41-50",
      "fragrance_type": "eau de parfum",
      "hasPriceAdvantageDeal": false,
      "Reporting_Category": "fragrance",
      "ProductReviewFlag": "1"
    },
    "variants": {
      "colours": [],
      "hasColours": false,
      "hasSizes": false
    },
    "categories": [
      [
        {
          "name": "fragrance",
          "label": "fragrance"
        },
        {
          "name": "gift",
          "label": "gift"
        }
      ],
      [
        {
          "name": "5* rated perfumes & aftershaves",
          "label": "fragrance > 5* rated perfumes & aftershaves"
        },
        {
          "name": "perfume",
          "label": "fragrance > perfume"
        },
        {
          "name": "fragrance offers",
          "label": "fragrance > fragrance offers"
        },
        {
          "name": "gifts for her",
          "label": "gift > gifts for her"
        },
        {
          "name": "luxury fragrance",
          "label": "fragrance > luxury fragrance"
        },
        {
          "name": "brands",
          "label": "fragrance > brands"
        }
      ],
      [
        {
          "name": "all perfumes",
          "label": "fragrance > perfume > all perfumes"
        },
        {
          "name": "floral perfume",
          "label": "fragrance > perfume > floral perfume"
        },
        {
          "name": "save up to half price",
          "label": "fragrance > fragrance offers > save up to half price"
        },
        {
          "name": "all perfumes",
          "label": "gift > gifts for her > all perfumes"
        }
      ]
    ],
    "reviews": {
      "average": 4.54,
      "count": 283,
      "rounded": 4
    },
    "parent": {
      "product": "2687614",
      "partNumber": "10313474.P",
      "model": "10313474",
      "manufacturerModel": "3087441"
    },
    "images": {
      "thumbnail": "https://boots.scene7.com/is/image/Boots/10313474?wid=45&hei=60&op_sharpen=1"
    },
    "offers": [
      {
        "text": "Save up to 1/2 price on selected fragrances"
      }
    ],
    "actions": {},
    "iconUri": "https://boots.scene7.com/is/image/Boots/10313474?op_sharpen=1",
    "title": "Flower By Kenzo L’Absolue Eau de Parfum 50ml",
    "referenceUri": "/flower-by-kenzo-l%E2%80%99absolue-eau-de-parfum-50ml-10313474",
    "canAddToBasket": "yes",
    "opticians": false,
    "inStock": true,
    "expressDelivery": false,
    "hasOtherPromotion": true,
    "channelPromotionalTextMap": {
      "-1": [
        "Save up to 1/2 price on selected fragrances"
      ],
      "-6": [
        "Save up to 1/2 price on selected fragrances"
      ]
    },
    "adCardPoints": 204
  },
  {
    "_id": {
      "$oid": "65ec108d9884656b92f558d0"
    },
    "ppuQuantity": "60ML",
    "pricing": {
      "perUnit": "£106.25 per 100ML",
      "regular": {
        "value": 75,
        "currency": "GBP",
        "text": "£75.00"
      },
      "current": {
        "value": 63.75,
        "currency": "GBP",
        "text": "£63.75"
      },
      "saving": {
        "value": 11.25,
        "currency": "GBP",
        "text": "£11.25"
      }
    },
    "objectId": "2663095",
    "brand": "Givenchy",
    "attributes": {
      "fragrance_scent": [
        "woody",
        "amber",
        "floral"
      ],
      "gender": "mens",
      "size": "51-70",
      "format": "spray",
      "fragrance_type": "eau de parfum",
      "hasPriceAdvantageDeal": false,
      "Reporting_Category": "fragrance",
      "body_area": "body",
      "ProductReviewFlag": "1"
    },
    "variants": {
      "colours": [],
      "hasColours": false,
      "hasSizes": false
    },
    "categories": [
      [
        {
          "name": "men's",
          "label": "men's"
        },
        {
          "name": "toiletries",
          "label": "toiletries"
        },
        {
          "name": "fragrance",
          "label": "fragrance"
        },
        {
          "name": "gift",
          "label": "gift"
        }
      ],
      [
        {
          "name": "aftershave",
          "label": "men's > aftershave"
        },
        {
          "name": "men's toiletries",
          "label": "toiletries > men's toiletries"
        },
        {
          "name": "men's toiletries",
          "label": "men's > men's toiletries"
        },
        {
          "name": "perfume",
          "label": "fragrance > perfume"
        },
        {
          "name": "aftershave",
          "label": "fragrance > aftershave"
        },
        {
          "name": "gifts for him",
          "label": "gift > gifts for him"
        },
        {
          "name": "gifts for her",
          "label": "gift > gifts for her"
        },
        {
          "name": "5* rated perfumes & aftershaves",
          "label": "fragrance > 5* rated perfumes & aftershaves"
        }
      ],
      [
        {
          "name": "aftershave",
          "label": "toiletries > men's toiletries > aftershave"
        },
        {
          "name": "aftershave",
          "label": "men's > men's toiletries > aftershave"
        },
        {
          "name": "all perfumes",
          "label": "fragrance > perfume > all perfumes"
        },
        {
          "name": "floral perfume",
          "label": "fragrance > perfume > floral perfume"
        },
        {
          "name": "all aftershave",
          "label": "fragrance > aftershave > all aftershave"
        },
        {
          "name": "all aftershave",
          "label": "gift > gifts for him > all aftershave"
        },
        {
          "name": "all perfumes",
          "label": "gift > gifts for her > all perfumes"
        },
        {
          "name": "all aftershave",
          "label": "men's > aftershave > all aftershave"
        }
      ],
      [
        {
          "name": "all aftershave",
          "label": "toiletries > men's toiletries > aftershave > all aftershave"
        },
        {
          "name": "all aftershave",
          "label": "men's > men's toiletries > aftershave > all aftershave"
        }
      ]
    ],
    "reviews": {
      "average": 4.54,
      "count": 473,
      "rounded": 4
    },
    "parent": {
      "product": "2663094",
      "partNumber": "10311259.P",
      "model": "10311259",
      "manufacturerModel": "2218658"
    },
    "images": {
      "thumbnail": "https://boots.scene7.com/is/image/Boots/10311259?wid=45&hei=60&op_sharpen=1"
    },
    "offers": [
      {
        "text": "Save up to 20 percent on selected fragrances"
      }
    ],
    "actions": {},
    "iconUri": "https://boots.scene7.com/is/image/Boots/10311259?op_sharpen=1",
    "title": "Givenchy Gentleman Reserve Privee Eau de Parfum 60ml",
    "referenceUri": "/givenchy-gentleman-reserve-privee-eau-de-parfum-60ml-10311259",
    "canAddToBasket": "yes",
    "opticians": false,
    "inStock": true,
    "expressDelivery": false,
    "hasOtherPromotion": true,
    "channelPromotionalTextMap": {
      "-1": [
        "Save up to 20 percent on selected fragrances"
      ],
      "-6": [
        "Save up to 20 percent on selected fragrances"
      ]
    },
    "adCardPoints": 189
  },
  {
    "_id": {
      "$oid": "65ec108d9884656b92f558d1"
    },
    "ppuQuantity": "50ML",
    "pricing": {
      "perUnit": "£112.00 per 100ML",
      "regular": {
        "value": 70,
        "currency": "GBP",
        "text": "£70.00"
      },
      "current": {
        "value": 56,
        "currency": "GBP",
        "text": "£56.00"
      },
      "saving": {
        "value": 14,
        "currency": "GBP",
        "text": "£14.00"
      }
    },
    "objectId": "2492089",
    "brand": "Versace",
    "attributes": {
      "fragrance_scent": "floral",
      "gender": "womens",
      "StockOverrideMessage": "STOCK_COMING_SOON",
      "size": "41-50",
      "format": "spray",
      "fragrance_type": "eau de toilette",
      "hasPriceAdvantageDeal": false,
      "Reporting_Category": "fragrance",
      "key_features": "eco-friendly",
      "ProductReviewFlag": "1"
    },
    "variants": {
      "colours": [],
      "hasColours": false,
      "hasSizes": false
    },
    "categories": [
      [
        {
          "name": "fragrance",
          "label": "fragrance"
        },
        {
          "name": "gift",
          "label": "gift"
        }
      ],
      [
        {
          "name": "5* rated perfumes & aftershaves",
          "label": "fragrance > 5* rated perfumes & aftershaves"
        },
        {
          "name": "perfume",
          "label": "fragrance > perfume"
        },
        {
          "name": "fragrance offers",
          "label": "fragrance > fragrance offers"
        },
        {
          "name": "gifts for her",
          "label": "gift > gifts for her"
        }
      ],
      [
        {
          "name": "all perfumes",
          "label": "fragrance > perfume > all perfumes"
        },
        {
          "name": "floral perfume",
          "label": "fragrance > perfume > floral perfume"
        },
        {
          "name": "save up to half price",
          "label": "fragrance > fragrance offers > save up to half price"
        },
        {
          "name": "all perfumes",
          "label": "gift > gifts for her > all perfumes"
        }
      ]
    ],
    "reviews": {
      "average": 4.53,
      "count": 855,
      "rounded": 4
    },
    "parent": {
      "product": "2492088",
      "partNumber": "10291215.P",
      "model": "10291215",
      "manufacturerModel": "2507390"
    },
    "images": {
      "thumbnail": "https://boots.scene7.com/is/image/Boots/10291215?wid=45&hei=60&op_sharpen=1"
    },
    "offers": [
      {
        "text": "Save up to 20 percent on selected fragrances"
      }
    ],
    "actions": {},
    "iconUri": "https://boots.scene7.com/is/image/Boots/10291215?op_sharpen=1",
    "title": "Versace Dylan Turquoise Eau De Toilette 50ml",
    "referenceUri": "/versace-dylan-blue-turquoise-eau-de-toilette-50ml-10291215",
    "canAddToBasket": "yes",
    "opticians": false,
    "inStock": true,
    "expressDelivery": false,
    "hasOtherPromotion": true,
    "channelPromotionalTextMap": {
      "-1": [
        "Save up to 20 percent on selected fragrances"
      ],
      "-6": [
        "Save up to 20 percent on selected fragrances"
      ]
    },
    "adCardPoints": 168
  },
  {
    "_id": {
      "$oid": "65ec108d9884656b92f558d2"
    },
    "ppuQuantity": "50ML",
    "pricing": {
      "perUnit": "£174.00 per 100ML",
      "regular": {
        "value": 87,
        "currency": "GBP",
        "text": "£87.00"
      },
      "current": {
        "value": 87,
        "currency": "GBP",
        "text": "£87.00"
      }
    },
    "objectId": "2937093",
    "brand": "Narciso Rodriguez",
    "attributes": {
      "fragrance_scent": [
        "floral",
        "musk"
      ],
      "product_type": "perfume",
      "size": "41-50",
      "gender": "womens",
      "StockOverrideMessage": "STOCK_COMING_SOON",
      "fragrance_type": "eau de parfum",
      "hasPriceAdvantageDeal": false,
      "ProductReviewFlag": "1"
    },
    "variants": {
      "colours": [],
      "hasColours": false,
      "hasSizes": false
    },
    "categories": [
      [
        {
          "name": "new in",
          "label": "new in"
        },
        {
          "name": "fragrance",
          "label": "fragrance"
        },
        {
          "name": "gift",
          "label": "gift"
        }
      ],
      [
        {
          "name": "new in fragrance",
          "label": "new in > new in fragrance"
        },
        {
          "name": "perfume",
          "label": "fragrance > perfume"
        },
        {
          "name": "gifts for her",
          "label": "gift > gifts for her"
        },
        {
          "name": "new in fragrance",
          "label": "fragrance > new in fragrance"
        }
      ],
      [
        {
          "name": "all perfumes",
          "label": "fragrance > perfume > all perfumes"
        },
        {
          "name": "musky perfume",
          "label": "fragrance > perfume > musky perfume"
        },
        {
          "name": "floral perfume",
          "label": "fragrance > perfume > floral perfume"
        },
        {
          "name": "all perfumes",
          "label": "gift > gifts for her > all perfumes"
        }
      ]
    ],
    "reviews": {
      "average": 4.49,
      "count": 194,
      "rounded": 4
    },
    "parent": {
      "product": "2937092",
      "partNumber": "10340519.P",
      "model": "10340519",
      "manufacturerModel": "2352893"
    },
    "images": {
      "thumbnail": "https://boots.scene7.com/is/image/Boots/10340519?wid=45&hei=60&op_sharpen=1"
    },
    "offers": [],
    "actions": {},
    "iconUri": "https://boots.scene7.com/is/image/Boots/10340519?op_sharpen=1",
    "title": "Narciso Rodriguez for her Musc Nude Eau de Parfum 50ml",
    "referenceUri": "/narciso-rodriguez-for-her-musc-nude-eau-de-parfum-50ml-10340519",
    "canAddToBasket": "yes",
    "opticians": false,
    "inStock": true,
    "expressDelivery": false,
    "hasOtherPromotion": false,
    "channelPromotionalTextMap": {
      "-1": [],
      "-6": []
    },
    "adCardPoints": 261
  },
  {
    "_id": {
      "$oid": "65ec108d9884656b92f558d3"
    },
    "ppuQuantity": "100ML",
    "pricing": {
      "perUnit": "£114.00 per 100ML",
      "regular": {
        "value": 114,
        "currency": "GBP",
        "text": "£114.00"
      },
      "current": {
        "value": 114,
        "currency": "GBP",
        "text": "£114.00"
      }
    },
    "objectId": "2937091",
    "brand": "Narciso Rodriguez",
    "attributes": {
      "fragrance_scent": [
        "floral",
        "musk"
      ],
      "product_type": "perfume",
      "gender": "womens",
      "size": "71-100",
      "StockOverrideMessage": "STOCK_COMING_SOON",
      "fragrance_type": "eau de parfum",
      "hasPriceAdvantageDeal": false,
      "ProductReviewFlag": "1"
    },
    "variants": {
      "colours": [],
      "hasColours": false,
      "hasSizes": false
    },
    "categories": [
      [
        {
          "name": "new in",
          "label": "new in"
        },
        {
          "name": "fragrance",
          "label": "fragrance"
        },
        {
          "name": "gift",
          "label": "gift"
        }
      ],
      [
        {
          "name": "new in fragrance",
          "label": "new in > new in fragrance"
        },
        {
          "name": "perfume",
          "label": "fragrance > perfume"
        },
        {
          "name": "gifts for her",
          "label": "gift > gifts for her"
        },
        {
          "name": "new in fragrance",
          "label": "fragrance > new in fragrance"
        }
      ],
      [
        {
          "name": "all perfumes",
          "label": "fragrance > perfume > all perfumes"
        },
        {
          "name": "musky perfume",
          "label": "fragrance > perfume > musky perfume"
        },
        {
          "name": "floral perfume",
          "label": "fragrance > perfume > floral perfume"
        },
        {
          "name": "all perfumes",
          "label": "gift > gifts for her > all perfumes"
        }
      ]
    ],
    "reviews": {
      "average": 4.49,
      "count": 194,
      "rounded": 4
    },
    "parent": {
      "product": "2937090",
      "partNumber": "10340518.P",
      "model": "10340518",
      "manufacturerModel": "2352400"
    },
    "images": {
      "thumbnail": "https://boots.scene7.com/is/image/Boots/10340518?wid=45&hei=60&op_sharpen=1"
    },
    "offers": [],
    "actions": {},
    "iconUri": "https://boots.scene7.com/is/image/Boots/10340518?op_sharpen=1",
    "title": "Narciso Rodriguez for her Musc Nude Eau de Parfum 100ml",
    "referenceUri": "/narciso-rodriguez-for-her-musc-nude-eau-de-parfum-100ml-10340518",
    "canAddToBasket": "yes",
    "opticians": false,
    "inStock": true,
    "expressDelivery": false,
    "hasOtherPromotion": false,
    "channelPromotionalTextMap": {
      "-1": [],
      "-6": []
    },
    "adCardPoints": 342
  },
  {
    "_id": {
      "$oid": "65ec108d9884656b92f558d4"
    },
    "ppuQuantity": "30ML",
    "pricing": {
      "perUnit": "£216.67 per 100ML",
      "regular": {
        "value": 65,
        "currency": "GBP",
        "text": "£65.00"
      },
      "current": {
        "value": 65,
        "currency": "GBP",
        "text": "£65.00"
      }
    },
    "objectId": "118731",
    "brand": "Chloe",
    "attributes": {
      "fragrance_scent": [
        "amber",
        "floral"
      ],
      "size": "21-30",
      "StockOverrideMessage": "STOCK_COMING_SOON",
      "gender": "womens",
      "Size": "30ml",
      "parentCategory_UK": "33071",
      "fragrance_type": "eau de parfum",
      "hasPriceAdvantageDeal": false,
      "Reporting_Category": "fragrance",
      "gift_type": "fragrance gifts",
      "ProductReviewFlag": "1"
    },
    "variants": {
      "colours": [],
      "hasColours": false,
      "hasSizes": false
    },
    "categories": [
      [
        {
          "name": "fragrance",
          "label": "fragrance"
        },
        {
          "name": "gift",
          "label": "gift"
        }
      ],
      [
        {
          "name": "perfume",
          "label": "fragrance > perfume"
        },
        {
          "name": "fragrance offers",
          "label": "fragrance > fragrance offers"
        },
        {
          "name": "gifts for her",
          "label": "gift > gifts for her"
        }
      ],
      [
        {
          "name": "all perfumes",
          "label": "fragrance > perfume > all perfumes"
        },
        {
          "name": "floral perfume",
          "label": "fragrance > perfume > floral perfume"
        },
        {
          "name": "amber perfume",
          "label": "fragrance > perfume > amber perfume"
        },
        {
          "name": "Save 15% on 100s of fragrances",
          "label": "fragrance > fragrance offers > Save 15% on 100s of fragrances"
        },
        {
          "name": "all perfumes",
          "label": "gift > gifts for her > all perfumes"
        }
      ]
    ],
    "reviews": {
      "average": 4.46,
      "count": 1528,
      "rounded": 4
    },
    "parent": {
      "product": "118730",
      "partNumber": "10076433.P",
      "model": "10076433",
      "manufacturerModel": "5498813"
    },
    "images": {
      "thumbnail": "https://boots.scene7.com/is/image/Boots/10076433?wid=45&hei=60&op_sharpen=1"
    },
    "offers": [],
    "actions": {},
    "iconUri": "https://boots.scene7.com/is/image/Boots/10076433?op_sharpen=1",
    "title": "Chloé Eau de Parfum for Women 30ml",
    "referenceUri": "/chloe-eau-de-parfum-30ml-10076433",
    "canAddToBasket": "yes",
    "opticians": false,
    "inStock": true,
    "expressDelivery": false,
    "hasOtherPromotion": false,
    "channelPromotionalTextMap": {
      "-1": [],
      "-6": []
    },
    "adCardPoints": 195
  },
  {
    "_id": {
      "$oid": "65ec108d9884656b92f558d5"
    },
    "ppuQuantity": "100ML",
    "pricing": {
      "perUnit": "£102.00 per 100ML",
      "regular": {
        "value": 120,
        "currency": "GBP",
        "text": "£120.00"
      },
      "current": {
        "value": 102,
        "currency": "GBP",
        "text": "£102.00"
      },
      "saving": {
        "value": 18,
        "currency": "GBP",
        "text": "£18.00"
      }
    },
    "objectId": "2788222",
    "brand": "Giorgio Armani",
    "attributes": {
      "fragrance_scent": [
        "woody",
        "floral"
      ],
      "size": "71-100",
      "gender": "womens",
      "StockOverrideMessage": "STOCK_COMING_SOON",
      "fragrance_type": "eau de parfum",
      "hasPriceAdvantageDeal": false,
      "ProductReviewFlag": "1"
    },
    "variants": {
      "colours": [],
      "hasColours": false,
      "hasSizes": false
    },
    "categories": [
      [
        {
          "name": "new in",
          "label": "new in"
        },
        {
          "name": "fragrance",
          "label": "fragrance"
        },
        {
          "name": "gift",
          "label": "gift"
        }
      ],
      [
        {
          "name": "new in fragrance",
          "label": "new in > new in fragrance"
        },
        {
          "name": "perfume",
          "label": "fragrance > perfume"
        },
        {
          "name": "gifts for her",
          "label": "gift > gifts for her"
        },
        {
          "name": "luxury fragrance",
          "label": "fragrance > luxury fragrance"
        },
        {
          "name": "new in fragrance",
          "label": "fragrance > new in fragrance"
        },
        {
          "name": "brands",
          "label": "fragrance > brands"
        }
      ],
      [
        {
          "name": "all perfumes",
          "label": "fragrance > perfume > all perfumes"
        },
        {
          "name": "floral perfume",
          "label": "fragrance > perfume > floral perfume"
        },
        {
          "name": "perfume refill bottles",
          "label": "fragrance > perfume > perfume refill bottles"
        },
        {
          "name": "all perfumes",
          "label": "gift > gifts for her > all perfumes"
        }
      ]
    ],
    "reviews": {
      "average": 4.45,
      "count": 1063,
      "rounded": 4
    },
    "parent": {
      "product": "2788221",
      "partNumber": "10323564.P",
      "model": "10323564",
      "manufacturerModel": "5283604"
    },
    "images": {
      "thumbnail": "https://boots.scene7.com/is/image/Boots/10323564?wid=45&hei=60&op_sharpen=1"
    },
    "offers": [
      {
        "text": "Save up to 20 percent on selected fragrances"
      }
    ],
    "actions": {},
    "iconUri": "https://boots.scene7.com/is/image/Boots/10323564?op_sharpen=1",
    "title": "Giorgio Armani My Way Parfum Refill 100ml",
    "referenceUri": "/giorgio-armani-my-way-parfum-refill-100ml-10323564",
    "canAddToBasket": "yes",
    "opticians": false,
    "inStock": true,
    "expressDelivery": false,
    "hasOtherPromotion": true,
    "channelPromotionalTextMap": {
      "-1": [
        "Save up to 20 percent on selected fragrances"
      ],
      "-6": [
        "Save up to 20 percent on selected fragrances"
      ]
    },
    "adCardPoints": 306
  },
  {
    "_id": {
      "$oid": "65ec108d9884656b92f558d6"
    },
    "ppuQuantity": "50ML",
    "pricing": {
      "perUnit": "£139.40 per 100ML",
      "regular": {
        "value": 82,
        "currency": "GBP",
        "text": "£82.00"
      },
      "current": {
        "value": 69.7,
        "currency": "GBP",
        "text": "£69.70"
      },
      "saving": {
        "value": 12.3,
        "currency": "GBP",
        "text": "£12.30"
      }
    },
    "objectId": "2115967",
    "brand": "Christian Dior",
    "attributes": {
      "fragrance_scent": [
        "spicy",
        "floral"
      ],
      "gender": "womens",
      "StockOverrideMessage": "STOCK_COMING_SOON",
      "size": "41-50",
      "fragrance_type": "eau de toilette",
      "hasPriceAdvantageDeal": false,
      "Reporting_Category": "fragrance",
      "ProductReviewFlag": "1"
    },
    "variants": {
      "colours": [],
      "hasColours": false,
      "hasSizes": false
    },
    "categories": [
      [
        {
          "name": "fragrance",
          "label": "fragrance"
        },
        {
          "name": "gift",
          "label": "gift"
        }
      ],
      [
        {
          "name": "perfume",
          "label": "fragrance > perfume"
        },
        {
          "name": "fragrance offers",
          "label": "fragrance > fragrance offers"
        },
        {
          "name": "gifts for her",
          "label": "gift > gifts for her"
        }
      ],
      [
        {
          "name": "all perfumes",
          "label": "fragrance > perfume > all perfumes"
        },
        {
          "name": "floral perfume",
          "label": "fragrance > perfume > floral perfume"
        },
        {
          "name": "Save 15% on 100s of fragrances",
          "label": "fragrance > fragrance offers > Save 15% on 100s of fragrances"
        },
        {
          "name": "all perfumes",
          "label": "gift > gifts for her > all perfumes"
        }
      ]
    ],
    "reviews": {
      "average": 4.43,
      "count": 14,
      "rounded": 4
    },
    "parent": {
      "product": "2115966",
      "partNumber": "10246189.P",
      "model": "10246189",
      "manufacturerModel": "8120110"
    },
    "images": {
      "thumbnail": "https://boots.scene7.com/is/image/Boots/10246189?wid=45&hei=60&op_sharpen=1"
    },
    "offers": [
      {
        "text": "Save up to 20 percent on selected fragrances"
      }
    ],
    "actions": {},
    "iconUri": "https://boots.scene7.com/is/image/Boots/10246189?op_sharpen=1",
    "title": "DIOR Poison Girl Unexpected Eau de Toilette 50ml",
    "referenceUri": "/dior-poison-girl-unexpected-eau-de-toilette-50ml-10246189",
    "canAddToBasket": "yes",
    "opticians": false,
    "inStock": true,
    "expressDelivery": false,
    "hasOtherPromotion": true,
    "channelPromotionalTextMap": {
      "-1": [
        "Save up to 20 percent on selected fragrances"
      ],
      "-6": [
        "Save up to 20 percent on selected fragrances"
      ]
    },
    "adCardPoints": 207
  },
  {
    "_id": {
      "$oid": "65ec108d9884656b92f558d7"
    },
    "ppuQuantity": "150ML",
    "pricing": {
      "perUnit": "£81.03 per 100ML",
      "regular": {
        "value": 143,
        "currency": "GBP",
        "text": "£143.00"
      },
      "current": {
        "value": 121.55,
        "currency": "GBP",
        "text": "£121.55"
      },
      "saving": {
        "value": 21.45,
        "currency": "GBP",
        "text": "£21.45"
      }
    },
    "objectId": "2779237",
    "brand": "Christian Dior",
    "attributes": {
      "fragrance_scent": "floral",
      "StockOverrideMessage": "STOCK_COMING_SOON",
      "gender": "womens",
      "size": "101-150",
      "fragrance_type": "eau de toilette",
      "hasPriceAdvantageDeal": false,
      "ProductReviewFlag": "1"
    },
    "variants": {
      "colours": [],
      "hasColours": false,
      "hasSizes": false
    },
    "categories": [
      [
        {
          "name": "fragrance",
          "label": "fragrance"
        },
        {
          "name": "gift",
          "label": "gift"
        }
      ],
      [
        {
          "name": "5* rated perfumes & aftershaves",
          "label": "fragrance > 5* rated perfumes & aftershaves"
        },
        {
          "name": "perfume",
          "label": "fragrance > perfume"
        },
        {
          "name": "gifts for her",
          "label": "gift > gifts for her"
        }
      ],
      [
        {
          "name": "all perfumes",
          "label": "fragrance > perfume > all perfumes"
        },
        {
          "name": "floral perfume",
          "label": "fragrance > perfume > floral perfume"
        },
        {
          "name": "all perfumes",
          "label": "gift > gifts for her > all perfumes"
        }
      ]
    ],
    "reviews": {
      "average": 4.42,
      "count": 1352,
      "rounded": 4
    },
    "parent": {
      "product": "2779236",
      "partNumber": "10322787.P",
      "model": "10322787",
      "manufacturerModel": "5266890"
    },
    "images": {
      "thumbnail": "https://boots.scene7.com/is/image/Boots/10322787?wid=45&hei=60&op_sharpen=1"
    },
    "offers": [
      {
        "text": "Save up to 20 percent on selected fragrances"
      }
    ],
    "actions": {},
    "iconUri": "https://boots.scene7.com/is/image/Boots/10322787?op_sharpen=1",
    "title": "DIOR Miss Dior Blooming Bouquet Eau de Toilette150ml",
    "referenceUri": "/dior-miss-dior-blooming-bouquet-eau-de-toilette150ml-10322787",
    "canAddToBasket": "yes",
    "opticians": false,
    "inStock": true,
    "expressDelivery": false,
    "hasOtherPromotion": true,
    "channelPromotionalTextMap": {
      "-1": [
        "Save up to 20 percent on selected fragrances"
      ],
      "-6": [
        "Save up to 20 percent on selected fragrances"
      ]
    },
    "adCardPoints": 363
  },
  {
    "_id": {
      "$oid": "65ec108d9884656b92f558d8"
    },
    "ppuQuantity": "50ML",
    "pricing": {
      "perUnit": "£48.00 per 100ML",
      "regular": {
        "value": 24,
        "currency": "GBP",
        "text": "£24.00"
      },
      "current": {
        "value": 24,
        "currency": "GBP",
        "text": "£24.00"
      }
    },
    "objectId": "2353551",
    "brand": "Karl Lagerfeld",
    "attributes": {
      "fragrance_scent": [
        "amber",
        "floral",
        "woody"
      ],
      "size": "41-50",
      "gender": "womens",
      "StockOverrideMessage": "STOCK_COMING_SOON",
      "fragrance_type": "eau de parfum",
      "format": "spray",
      "hasPriceAdvantageDeal": false,
      "Reporting_Category": "fragrance",
      "ProductReviewFlag": "1"
    },
    "variants": {
      "colours": [],
      "hasColours": false,
      "hasSizes": false
    },
    "categories": [
      [
        {
          "name": "new in",
          "label": "new in"
        },
        {
          "name": "fragrance",
          "label": "fragrance"
        },
        {
          "name": "gift",
          "label": "gift"
        }
      ],
      [
        {
          "name": "new in fragrance",
          "label": "new in > new in fragrance"
        },
        {
          "name": "perfume",
          "label": "fragrance > perfume"
        },
        {
          "name": "gifts for her",
          "label": "gift > gifts for her"
        },
        {
          "name": "new in fragrance",
          "label": "fragrance > new in fragrance"
        }
      ],
      [
        {
          "name": "all perfumes",
          "label": "fragrance > perfume > all perfumes"
        },
        {
          "name": "floral perfume",
          "label": "fragrance > perfume > floral perfume"
        },
        {
          "name": "amber perfume",
          "label": "fragrance > perfume > amber perfume"
        },
        {
          "name": "all perfumes",
          "label": "gift > gifts for her > all perfumes"
        }
      ]
    ],
    "reviews": {
      "average": 4.38,
      "count": 13,
      "rounded": 4
    },
    "parent": {
      "product": "2353550",
      "partNumber": "10275520.P",
      "model": "10275520",
      "manufacturerModel": "8758395"
    },
    "images": {
      "thumbnail": "https://boots.scene7.com/is/image/Boots/10275520?wid=45&hei=60&op_sharpen=1"
    },
    "offers": [],
    "actions": {},
    "iconUri": "https://boots.scene7.com/is/image/Boots/10275520?op_sharpen=1",
    "title": "Karl Lagerfeld Fleur de Murier Eau de Parfum 50ml",
    "referenceUri": "/karl-lagerfeld-fleur-de-murier-eau-de-parfum-50ml-10275520",
    "canAddToBasket": "yes",
    "opticians": false,
    "inStock": true,
    "expressDelivery": false,
    "hasOtherPromotion": false,
    "channelPromotionalTextMap": {
      "-1": [],
      "-6": []
    },
    "adCardPoints": 72
  },
  {
    "_id": {
      "$oid": "65ec108d9884656b92f558d9"
    },
    "ppuQuantity": "50ML",
    "pricing": {
      "perUnit": "£107.10 per 100ML",
      "regular": {
        "value": 63,
        "currency": "GBP",
        "text": "£63.00"
      },
      "current": {
        "value": 53.55,
        "currency": "GBP",
        "text": "£53.55"
      },
      "saving": {
        "value": 9.45,
        "currency": "GBP",
        "text": "£9.45"
      }
    },
    "objectId": "2928105",
    "brand": "Diesel",
    "attributes": {
      "product_type": "body spray",
      "size": "41-50",
      "gender": "mens",
      "StockOverrideMessage": "STOCK_COMING_SOON",
      "format": "spray",
      "fragrance_type": "eau de parfum",
      "hasPriceAdvantageDeal": false,
      "ProductReviewFlag": "1"
    },
    "variants": {
      "colours": [],
      "hasColours": false,
      "hasSizes": false
    },
    "categories": [
      [
        {
          "name": "new in",
          "label": "new in"
        },
        {
          "name": "toiletries",
          "label": "toiletries"
        },
        {
          "name": "men's",
          "label": "men's"
        },
        {
          "name": "fragrance",
          "label": "fragrance"
        },
        {
          "name": "gift",
          "label": "gift"
        }
      ],
      [
        {
          "name": "new in fragrance",
          "label": "new in > new in fragrance"
        },
        {
          "name": "men's toiletries",
          "label": "toiletries > men's toiletries"
        },
        {
          "name": "men's toiletries",
          "label": "men's > men's toiletries"
        },
        {
          "name": "perfume",
          "label": "fragrance > perfume"
        },
        {
          "name": "aftershave",
          "label": "fragrance > aftershave"
        },
        {
          "name": "gifts for him",
          "label": "gift > gifts for him"
        },
        {
          "name": "gifts for her",
          "label": "gift > gifts for her"
        },
        {
          "name": "aftershave",
          "label": "men's > aftershave"
        },
        {
          "name": "luxury fragrance",
          "label": "fragrance > luxury fragrance"
        },
        {
          "name": "new in fragrance",
          "label": "fragrance > new in fragrance"
        }
      ],
      [
        {
          "name": "aftershave",
          "label": "toiletries > men's toiletries > aftershave"
        },
        {
          "name": "aftershave",
          "label": "men's > men's toiletries > aftershave"
        },
        {
          "name": "all perfumes",
          "label": "fragrance > perfume > all perfumes"
        },
        {
          "name": "all aftershave",
          "label": "fragrance > aftershave > all aftershave"
        },
        {
          "name": "all aftershave",
          "label": "gift > gifts for him > all aftershave"
        },
        {
          "name": "all perfumes",
          "label": "gift > gifts for her > all perfumes"
        },
        {
          "name": "all aftershave",
          "label": "men's > aftershave > all aftershave"
        }
      ],
      [
        {
          "name": "all aftershave",
          "label": "toiletries > men's toiletries > aftershave > all aftershave"
        },
        {
          "name": "all aftershave",
          "label": "men's > men's toiletries > aftershave > all aftershave"
        }
      ]
    ],
    "reviews": {
      "average": 4.36,
      "count": 278,
      "rounded": 4
    },
    "parent": {
      "product": "2928104",
      "partNumber": "10339504.P",
      "model": "10339504",
      "manufacturerModel": "2150158"
    },
    "images": {
      "thumbnail": "https://boots.scene7.com/is/image/Boots/10339504?wid=45&hei=60&op_sharpen=1"
    },
    "offers": [
      {
        "text": "Free gift when you buy selected Diesel fragrance - online only, whilst stocks last"
      },
      {
        "text": "Save up to 20 percent on selected fragrances"
      }
    ],
    "actions": {},
    "iconUri": "https://boots.scene7.com/is/image/Boots/10339504?op_sharpen=1",
    "title": "Diesel D Red Eau de Parfum 50ml",
    "referenceUri": "/diesel-d-red-eau-de-parfum-50-ml-10339504",
    "canAddToBasket": "yes",
    "opticians": false,
    "inStock": true,
    "expressDelivery": false,
    "hasOtherPromotion": true,
    "channelPromotionalTextMap": {
      "-1": [
        "Free gift when you buy selected Diesel fragrance - online only, whilst stocks last",
        "Save up to 20 percent on selected fragrances"
      ],
      "-6": [
        "Free gift when you buy selected Diesel fragrance - online only, whilst stocks last",
        "Save up to 20 percent on selected fragrances"
      ]
    },
    "adCardPoints": 159
  },
  {
    "_id": {
      "$oid": "65ec108d9884656b92f558da"
    },
    "ppuQuantity": "100ML",
    "pricing": {
      "perUnit": "£53.00 per 100ML",
      "regular": {
        "value": 53,
        "currency": "GBP",
        "text": "£53.00"
      },
      "current": {
        "value": 53,
        "currency": "GBP",
        "text": "£53.00"
      }
    },
    "objectId": "2438469",
    "brand": "Ariana Grande",
    "attributes": {
      "fragrance_scent": [
        "musk",
        "woody",
        "floral"
      ],
      "StockOverrideMessage": "STOCK_COMING_SOON",
      "size": "71-100",
      "gender": "womens",
      "fragrance_type": "eau de parfum",
      "hasPriceAdvantageDeal": false,
      "ProductReviewFlag": "1"
    },
    "variants": {
      "colours": [],
      "hasColours": false,
      "hasSizes": false
    },
    "categories": [
      [
        {
          "name": "vegan",
          "label": "vegan"
        },
        {
          "name": "fragrance",
          "label": "fragrance"
        },
        {
          "name": "gift",
          "label": "gift"
        },
        {
          "name": "wellness",
          "label": "wellness"
        }
      ],
      [
        {
          "name": "vegan fragrance",
          "label": "vegan > vegan fragrance"
        },
        {
          "name": "perfume",
          "label": "fragrance > perfume"
        },
        {
          "name": "gifts for her",
          "label": "gift > gifts for her"
        },
        {
          "name": "vegan",
          "label": "wellness > vegan"
        },
        {
          "name": "vegan fragrance",
          "label": "fragrance > vegan fragrance"
        },
        {
          "name": "all vegan products",
          "label": "wellness > all vegan products"
        },
        {
          "name": "all vegan products",
          "label": "vegan > all vegan products"
        }
      ],
      [
        {
          "name": "all perfumes",
          "label": "fragrance > perfume > all perfumes"
        },
        {
          "name": "all perfumes",
          "label": "gift > gifts for her > all perfumes"
        },
        {
          "name": "all vegan products",
          "label": "wellness > vegan > all vegan products"
        },
        {
          "name": "vegan fragrance",
          "label": "wellness > vegan > vegan fragrance"
        }
      ]
    ],
    "reviews": {
      "average": 4.36,
      "count": 11,
      "rounded": 4
    },
    "parent": {
      "product": "2438468",
      "partNumber": "10286505.P",
      "model": "10286505",
      "manufacturerModel": "8986215"
    },
    "images": {
      "thumbnail": "https://boots.scene7.com/is/image/Boots/10286505?wid=45&hei=60&op_sharpen=1"
    },
    "offers": [],
    "actions": {},
    "iconUri": "https://boots.scene7.com/is/image/Boots/10286505?op_sharpen=1",
    "title": "Ariana Grande R.E.M. Eau de Parfum 100ml",
    "referenceUri": "/ariana-grande-rem-edp-100ml-10286505",
    "canAddToBasket": "yes",
    "opticians": false,
    "inStock": true,
    "expressDelivery": false,
    "hasOtherPromotion": false,
    "channelPromotionalTextMap": {
      "-1": [],
      "-6": []
    },
    "adCardPoints": 159
  },
  {
    "_id": {
      "$oid": "65ec108d9884656b92f558db"
    },
    "ppuQuantity": "100ML",
    "pricing": {
      "perUnit": "£52.00 per 100ML",
      "regular": {
        "value": 52,
        "currency": "GBP",
        "text": "£52.00"
      },
      "current": {
        "value": 52,
        "currency": "GBP",
        "text": "£52.00"
      }
    },
    "objectId": "2834702",
    "brand": "Billie Eilish",
    "attributes": {
      "fragrance_scent": [
        "floral",
        "musk"
      ],
      "size": "101-150",
      "StockOverrideMessage": "STOCK_COMING_SOON",
      "gender": "womens",
      "fragrance_type": "eau de parfum",
      "hasPriceAdvantageDeal": false,
      "ProductReviewFlag": "1"
    },
    "variants": {
      "colours": [],
      "hasColours": false,
      "hasSizes": false
    },
    "categories": [
      [
        {
          "name": "new in",
          "label": "new in"
        },
        {
          "name": "fragrance",
          "label": "fragrance"
        },
        {
          "name": "gift",
          "label": "gift"
        }
      ],
      [
        {
          "name": "perfume",
          "label": "fragrance > perfume"
        },
        {
          "name": "gifts for her",
          "label": "gift > gifts for her"
        },
        {
          "name": "celebrity fragrance",
          "label": "fragrance > celebrity fragrance"
        },
        {
          "name": "new in fragrance",
          "label": "fragrance > new in fragrance"
        },
        {
          "name": "brands",
          "label": "fragrance > brands"
        },
        {
          "name": "5* rated perfumes & aftershaves",
          "label": "fragrance > 5* rated perfumes & aftershaves"
        },
        {
          "name": "new in fragrance",
          "label": "new in > new in fragrance"
        }
      ],
      [
        {
          "name": "all perfumes",
          "label": "fragrance > perfume > all perfumes"
        },
        {
          "name": "musky perfume",
          "label": "fragrance > perfume > musky perfume"
        },
        {
          "name": "floral perfume",
          "label": "fragrance > perfume > floral perfume"
        },
        {
          "name": "all perfumes",
          "label": "gift > gifts for her > all perfumes"
        }
      ]
    ],
    "reviews": {
      "average": 4.33,
      "count": 6,
      "rounded": 4
    },
    "parent": {
      "product": "2834701",
      "partNumber": "10327976.P",
      "model": "10327976",
      "manufacturerModel": "5561590"
    },
    "images": {
      "thumbnail": "https://boots.scene7.com/is/image/Boots/10327976?wid=45&hei=60&op_sharpen=1"
    },
    "offers": [],
    "actions": {},
    "iconUri": "https://boots.scene7.com/is/image/Boots/10327976?op_sharpen=1",
    "title": "Eilish No. 2 by Billie Eilish 100ml",
    "referenceUri": "/billie-eilish-no2-eau-de-parfum-100ml-10327976",
    "canAddToBasket": "yes",
    "opticians": false,
    "inStock": true,
    "expressDelivery": false,
    "hasOtherPromotion": false,
    "channelPromotionalTextMap": {
      "-1": [],
      "-6": []
    },
    "adCardPoints": 156
  },
  {
    "_id": {
      "$oid": "65ec108d9884656b92f558dc"
    },
    "ppuQuantity": "50ML",
    "pricing": {
      "perUnit": "£86.00 per 100ML",
      "regular": {
        "value": 43,
        "currency": "GBP",
        "text": "£43.00"
      },
      "current": {
        "value": 43,
        "currency": "GBP",
        "text": "£43.00"
      }
    },
    "objectId": "2597139",
    "brand": "Ariana Grande",
    "attributes": {
      "fragrance_scent": [
        "musk",
        "fruity"
      ],
      "StockOverrideMessage": "STOCK_COMING_SOON",
      "size": "41-50",
      "fragrance_type": "eau de parfum",
      "hasPriceAdvantageDeal": false,
      "Reporting_Category": "fragrance",
      "ProductReviewFlag": "1"
    },
    "variants": {
      "colours": [],
      "hasColours": false,
      "hasSizes": false
    },
    "categories": [
      [
        {
          "name": "fragrance",
          "label": "fragrance"
        },
        {
          "name": "gift",
          "label": "gift"
        }
      ],
      [
        {
          "name": "perfume",
          "label": "fragrance > perfume"
        },
        {
          "name": "gifts for her",
          "label": "gift > gifts for her"
        }
      ],
      [
        {
          "name": "all perfumes",
          "label": "fragrance > perfume > all perfumes"
        },
        {
          "name": "musky perfume",
          "label": "fragrance > perfume > musky perfume"
        },
        {
          "name": "all perfumes",
          "label": "gift > gifts for her > all perfumes"
        }
      ]
    ],
    "reviews": {
      "average": 4.31,
      "count": 13,
      "rounded": 4
    },
    "parent": {
      "product": "2597138",
      "partNumber": "10301036.P",
      "model": "10301036",
      "manufacturerModel": "5618118"
    },
    "images": {
      "thumbnail": "https://boots.scene7.com/is/image/Boots/10301036?wid=45&hei=60&op_sharpen=1"
    },
    "offers": [],
    "actions": {},
    "iconUri": "https://boots.scene7.com/is/image/Boots/10301036?op_sharpen=1",
    "title": "Ariana Grande God Is A Woman Eau de Parfum 50ml",
    "referenceUri": "/ariana-grande-god-is-a-woman-eau-de-parfum-50ml-10301036",
    "canAddToBasket": "yes",
    "opticians": false,
    "inStock": true,
    "expressDelivery": false,
    "hasOtherPromotion": false,
    "channelPromotionalTextMap": {
      "-1": [],
      "-6": []
    },
    "adCardPoints": 129
  },
  {
    "_id": {
      "$oid": "65ec108d9884656b92f558dd"
    },
    "ppuQuantity": "35ML",
    "pricing": {
      "perUnit": "£129.91 per 100ML",
      "regular": {
        "value": 53.5,
        "currency": "GBP",
        "text": "£53.50"
      },
      "current": {
        "value": 45.47,
        "currency": "GBP",
        "text": "£45.47"
      },
      "saving": {
        "value": 8.03,
        "currency": "GBP",
        "text": "£8.03"
      }
    },
    "objectId": "2515076",
    "brand": "Givenchy",
    "attributes": {
      "fragrance_scent": [
        "floral",
        "woody"
      ],
      "size": "31-40",
      "gender": "womens",
      "StockOverrideMessage": "STOCK_COMING_SOON",
      "fragrance_type": [
        "eau de parfum",
        "eau de toilette"
      ],
      "format": "spray",
      "hasPriceAdvantageDeal": false,
      "Reporting_Category": "fragrance",
      "ProductReviewFlag": "1"
    },
    "variants": {
      "colours": [],
      "hasColours": false,
      "hasSizes": false
    },
    "categories": [
      [
        {
          "name": "fragrance",
          "label": "fragrance"
        },
        {
          "name": "gift",
          "label": "gift"
        },
        {
          "name": "beauty & skincare",
          "label": "beauty & skincare"
        }
      ],
      [
        {
          "name": "perfume",
          "label": "fragrance > perfume"
        },
        {
          "name": "gifts for her",
          "label": "gift > gifts for her"
        },
        {
          "name": "beauty minis",
          "label": "beauty & skincare > beauty minis"
        }
      ],
      [
        {
          "name": "all perfumes",
          "label": "fragrance > perfume > all perfumes"
        },
        {
          "name": "floral perfume",
          "label": "fragrance > perfume > floral perfume"
        },
        {
          "name": "all perfumes",
          "label": "gift > gifts for her > all perfumes"
        }
      ]
    ],
    "reviews": {
      "average": 4.23,
      "count": 400,
      "rounded": 4
    },
    "parent": {
      "product": "2515075",
      "partNumber": "10293176.P",
      "model": "10293176",
      "manufacturerModel": "3107264"
    },
    "images": {
      "thumbnail": "https://boots.scene7.com/is/image/Boots/10293176?wid=45&hei=60&op_sharpen=1"
    },
    "offers": [
      {
        "text": "Save up to 20 percent on selected fragrances"
      }
    ],
    "actions": {},
    "iconUri": "https://boots.scene7.com/is/image/Boots/10293176?op_sharpen=1",
    "title": "Givenchy Irresistible Eau de Toilette 35ml",
    "referenceUri": "/irresistible-givenchy-eau-de-toilette-35ml-10293176",
    "canAddToBasket": "yes",
    "opticians": false,
    "inStock": true,
    "expressDelivery": false,
    "hasOtherPromotion": true,
    "channelPromotionalTextMap": {
      "-1": [
        "Save up to 20 percent on selected fragrances"
      ],
      "-6": [
        "Save up to 20 percent on selected fragrances"
      ]
    },
    "adCardPoints": 135
  },
  {
    "_id": {
      "$oid": "65ec108d9884656b92f558de"
    },
    "ppuQuantity": "10ML",
    "pricing": {
      "perUnit": "£25.00 per 100ML",
      "regular": {
        "value": 2.5,
        "currency": "GBP",
        "text": "£2.50"
      },
      "current": {
        "value": 2.5,
        "currency": "GBP",
        "text": "£2.50"
      }
    },
    "objectId": "2432981",
    "brand": "Momento",
    "attributes": {
      "fragrance_scent": [
        "floral",
        "citrus",
        "amber"
      ],
      "suitable_for": "vegan",
      "size": "10",
      "gender": "womens",
      "StockOverrideMessage": "STOCK_COMING_SOON",
      "format": "spray",
      "fragrance_type": "eau de toilette",
      "hasPriceAdvantageDeal": false,
      "Reporting_Category": "fragrance",
      "ProductReviewFlag": "1"
    },
    "variants": {
      "colours": [],
      "hasColours": false,
      "hasSizes": false
    },
    "categories": [
      [
        {
          "name": "vegan",
          "label": "vegan"
        },
        {
          "name": "fragrance",
          "label": "fragrance"
        },
        {
          "name": "gift",
          "label": "gift"
        },
        {
          "name": "wellness",
          "label": "wellness"
        }
      ],
      [
        {
          "name": "vegan fragrance",
          "label": "vegan > vegan fragrance"
        },
        {
          "name": "perfume",
          "label": "fragrance > perfume"
        },
        {
          "name": "gifts for her",
          "label": "gift > gifts for her"
        },
        {
          "name": "vegan",
          "label": "wellness > vegan"
        },
        {
          "name": "fragrance exclusives",
          "label": "fragrance > fragrance exclusives"
        },
        {
          "name": "vegan fragrance",
          "label": "fragrance > vegan fragrance"
        }
      ],
      [
        {
          "name": "all perfumes",
          "label": "fragrance > perfume > all perfumes"
        },
        {
          "name": "floral perfume",
          "label": "fragrance > perfume > floral perfume"
        },
        {
          "name": "amber perfume",
          "label": "fragrance > perfume > amber perfume"
        },
        {
          "name": "all perfumes",
          "label": "gift > gifts for her > all perfumes"
        },
        {
          "name": "vegan fragrance",
          "label": "wellness > vegan > vegan fragrance"
        }
      ]
    ],
    "reviews": {
      "average": 4.23,
      "count": 52,
      "rounded": 4
    },
    "parent": {
      "product": "2432980",
      "partNumber": "10285870.P",
      "model": "10285870",
      "manufacturerModel": "8967644"
    },
    "images": {
      "thumbnail": "https://boots.scene7.com/is/image/Boots/10285870?wid=45&hei=60&op_sharpen=1"
    },
    "offers": [],
    "actions": {},
    "iconUri": "https://boots.scene7.com/is/image/Boots/10285870?op_sharpen=1",
    "title": "Momento Happy Skies eau de toilette 10ml",
    "referenceUri": "/momento-happy-eau-de-toilette-10ml-10285870",
    "canAddToBasket": "yes",
    "opticians": false,
    "inStock": true,
    "expressDelivery": false,
    "hasOtherPromotion": false,
    "channelPromotionalTextMap": {
      "-1": [],
      "-6": []
    },
    "adCardPoints": 6
  },
  {
    "_id": {
      "$oid": "65ec108d9884656b92f558df"
    },
    "ppuQuantity": "40ML",
    "pricing": {
      "perUnit": "£156.00 per 100ML",
      "regular": {
        "value": 78,
        "currency": "GBP",
        "text": "£78.00"
      },
      "current": {
        "value": 62.4,
        "currency": "GBP",
        "text": "£62.40"
      },
      "saving": {
        "value": 15.6,
        "currency": "GBP",
        "text": "£15.60"
      }
    },
    "objectId": "2575045",
    "brand": "Estee Lauder",
    "attributes": {
      "fragrance_scent": [
        "fruity",
        "chypre"
      ],
      "gender": "womens",
      "size": "31-40",
      "StockOverrideMessage": "STOCK_COMING_SOON",
      "format": "spray",
      "fragrance_type": "eau de parfum",
      "hasPriceAdvantageDeal": false,
      "Reporting_Category": "fragrance",
      "gift_type": "fragrance gifts",
      "ProductReviewFlag": "1"
    },
    "variants": {
      "colours": [],
      "hasColours": false,
      "hasSizes": false
    },
    "categories": [
      [
        {
          "name": "fragrance",
          "label": "fragrance"
        },
        {
          "name": "beauty & skincare",
          "label": "beauty & skincare"
        },
        {
          "name": "gift",
          "label": "gift"
        }
      ],
      [
        {
          "name": "perfume",
          "label": "fragrance > perfume"
        },
        {
          "name": "premium beauty & skincare",
          "label": "beauty & skincare > premium beauty & skincare"
        },
        {
          "name": "gifts for her",
          "label": "gift > gifts for her"
        }
      ],
      [
        {
          "name": "save up to 25% across selected premium beauty and No7",
          "label": "beauty & skincare > premium beauty & skincare > save up to 25% across selected premium beauty and No7"
        },
        {
          "name": "all perfumes",
          "label": "fragrance > perfume > all perfumes"
        },
        {
          "name": "all perfumes",
          "label": "gift > gifts for her > all perfumes"
        }
      ]
    ],
    "reviews": {
      "average": 4.09,
      "count": 169,
      "rounded": 4
    },
    "parent": {
      "product": "2575044",
      "partNumber": "10299525.P",
      "model": "10299525",
      "manufacturerModel": "4909283"
    },
    "images": {
      "thumbnail": "https://boots.scene7.com/is/image/Boots/10299525?wid=45&hei=60&op_sharpen=1"
    },
    "offers": [
      {
        "text": "Save up to 25 percent across selected Premium Beauty"
      }
    ],
    "actions": {},
    "iconUri": "https://boots.scene7.com/is/image/Boots/10299525?op_sharpen=1",
    "title": "Estée Lauder Sensuous Stars Eau de Parfum Spray 40ml",
    "referenceUri": "/estee-lauder-sensuous-stars-eau-de-parfum-spray-40ml-10299525",
    "canAddToBasket": "yes",
    "opticians": false,
    "inStock": true,
    "expressDelivery": false,
    "hasOtherPromotion": true,
    "channelPromotionalTextMap": {
      "-1": [
        "Save up to 25 percent across selected Premium Beauty"
      ],
      "-6": [
        "Save up to 25 percent across selected Premium Beauty"
      ]
    },
    "adCardPoints": 186
  },
  {
    "_id": {
      "$oid": "65ec108d9884656b92f558e0"
    },
    "ppuQuantity": "100ML",
    "pricing": {
      "perUnit": "£112.00 per 100ML",
      "regular": {
        "value": 140,
        "currency": "GBP",
        "text": "£140.00"
      },
      "current": {
        "value": 112,
        "currency": "GBP",
        "text": "£112.00"
      },
      "saving": {
        "value": 28,
        "currency": "GBP",
        "text": "£28.00"
      }
    },
    "objectId": "2575029",
    "brand": "Estee Lauder",
    "attributes": {
      "fragrance_scent": [
        "chypre",
        "fruity"
      ],
      "size": "71-100",
      "gender": "womens",
      "StockOverrideMessage": "STOCK_COMING_SOON",
      "fragrance_type": "eau de parfum",
      "hasPriceAdvantageDeal": false,
      "Reporting_Category": "fragrance",
      "ProductReviewFlag": "1"
    },
    "variants": {
      "colours": [],
      "hasColours": false,
      "hasSizes": false
    },
    "categories": [
      [
        {
          "name": "fragrance",
          "label": "fragrance"
        },
        {
          "name": "gift",
          "label": "gift"
        }
      ],
      [
        {
          "name": "perfume",
          "label": "fragrance > perfume"
        },
        {
          "name": "gifts for her",
          "label": "gift > gifts for her"
        }
      ],
      [
        {
          "name": "all perfumes",
          "label": "fragrance > perfume > all perfumes"
        },
        {
          "name": "all perfumes",
          "label": "gift > gifts for her > all perfumes"
        }
      ]
    ],
    "reviews": {
      "average": 4.09,
      "count": 169,
      "rounded": 4
    },
    "parent": {
      "product": "2575028",
      "partNumber": "10299517.P",
      "model": "10299517",
      "manufacturerModel": "4909003"
    },
    "images": {
      "thumbnail": "https://boots.scene7.com/is/image/Boots/10299517?wid=45&hei=60&op_sharpen=1"
    },
    "offers": [
      {
        "text": "Save up to 25 percent across selected Premium Beauty"
      }
    ],
    "actions": {},
    "iconUri": "https://boots.scene7.com/is/image/Boots/10299517?op_sharpen=1",
    "title": "Estée Lauder Sensuous Stars Eau de Parfum Spray 100ml",
    "referenceUri": "/estee-lauder-sensuous-stars-eau-de-parfum-spray-100ml-10299517",
    "canAddToBasket": "yes",
    "opticians": false,
    "inStock": true,
    "expressDelivery": false,
    "hasOtherPromotion": true,
    "channelPromotionalTextMap": {
      "-1": [
        "Save up to 25 percent across selected Premium Beauty"
      ],
      "-6": [
        "Save up to 25 percent across selected Premium Beauty"
      ]
    },
    "adCardPoints": 336
  },
  {
    "_id": {
      "$oid": "65ec108d9884656b92f558e1"
    },
    "ppuQuantity": "15ML",
    "pricing": {
      "perUnit": "£170.00 per 100ML",
      "regular": {
        "value": 30,
        "currency": "GBP",
        "text": "£30.00"
      },
      "current": {
        "value": 25.5,
        "currency": "GBP",
        "text": "£25.50"
      },
      "saving": {
        "value": 4.5,
        "currency": "GBP",
        "text": "£4.50"
      }
    },
    "objectId": "2510153",
    "brand": "Clinique",
    "attributes": {
      "format": "spray",
      "hasPriceAdvantageDeal": false,
      "StockOverrideMessage": "STOCK_COMING_SOON",
      "key_features": "refreshing",
      "ProductReviewFlag": "1"
    },
    "variants": {
      "colours": [],
      "hasColours": false,
      "hasSizes": false
    },
    "categories": [
      [
        {
          "name": "fragrance",
          "label": "fragrance"
        },
        {
          "name": "beauty & skincare",
          "label": "beauty & skincare"
        },
        {
          "name": "toiletries",
          "label": "toiletries"
        },
        {
          "name": "gift",
          "label": "gift"
        }
      ],
      [
        {
          "name": "perfume",
          "label": "fragrance > perfume"
        },
        {
          "name": "premium beauty & skincare",
          "label": "beauty & skincare > premium beauty & skincare"
        },
        {
          "name": "skincare",
          "label": "beauty & skincare > skincare"
        },
        {
          "name": "skincare",
          "label": "toiletries > skincare"
        },
        {
          "name": "gifts for her",
          "label": "gift > gifts for her"
        }
      ],
      [
        {
          "name": "save up to 25% across selected premium beauty and No7",
          "label": "beauty & skincare > premium beauty & skincare > save up to 25% across selected premium beauty and No7"
        },
        {
          "name": "skin type",
          "label": "beauty & skincare > skincare > skin type"
        },
        {
          "name": "skincare ingredients",
          "label": "beauty & skincare > skincare > skincare ingredients"
        },
        {
          "name": "all perfumes",
          "label": "fragrance > perfume > all perfumes"
        },
        {
          "name": "skin type",
          "label": "toiletries > skincare > skin type"
        },
        {
          "name": "skincare ingredients",
          "label": "toiletries > skincare > skincare ingredients"
        },
        {
          "name": "all perfumes",
          "label": "gift > gifts for her > all perfumes"
        }
      ]
    ],
    "reviews": {
      "average": 4,
      "count": 7,
      "rounded": 4
    },
    "parent": {
      "product": "2510152",
      "partNumber": "10292725.P",
      "model": "10292725",
      "manufacturerModel": "2988917"
    },
    "images": {
      "thumbnail": "https://boots.scene7.com/is/image/Boots/10292725?wid=45&hei=60&op_sharpen=1"
    },
    "offers": [
      {
        "text": "Free gift when you spend £65 or more on selected Clinique - online only while stocks last"
      },
      {
        "text": "Save up to 25 percent across selected Premium Beauty"
      }
    ],
    "actions": {},
    "iconUri": "https://boots.scene7.com/is/image/Boots/10292725?op_sharpen=1",
    "title": "Clinique My Happy™ Cookies & Kisses",
    "referenceUri": "/clinique-my-happy-cookies-and-kisses-10292725",
    "canAddToBasket": "yes",
    "opticians": false,
    "inStock": true,
    "expressDelivery": false,
    "hasOtherPromotion": true,
    "channelPromotionalTextMap": {
      "-1": [
        "Free gift when you spend £65 or more on selected Clinique - online only while stocks last",
        "Save up to 25 percent across selected Premium Beauty"
      ],
      "-6": [
        "Free gift when you spend £65 or more on selected Clinique - online only while stocks last",
        "Save up to 25 percent across selected Premium Beauty"
      ]
    },
    "adCardPoints": 75
  },
  {
    "_id": {
      "$oid": "65ec108d9884656b92f558e2"
    },
    "ppuQuantity": "30ML",
    "pricing": {
      "perUnit": "£181.33 per 100ML",
      "regular": {
        "value": 68,
        "currency": "GBP",
        "text": "£68.00"
      },
      "current": {
        "value": 54.4,
        "currency": "GBP",
        "text": "£54.40"
      },
      "saving": {
        "value": 13.6,
        "currency": "GBP",
        "text": "£13.60"
      }
    },
    "objectId": "2566495",
    "brand": "Chloe",
    "attributes": {
      "fragrance_scent": [
        "floral",
        "woody"
      ],
      "gender": "womens",
      "StockOverrideMessage": "STOCK_COMING_SOON",
      "fragrance_type": "eau de parfum",
      "format": "spray",
      "hasPriceAdvantageDeal": false,
      "Reporting_Category": "fragrance",
      "ProductReviewFlag": "1"
    },
    "variants": {
      "colours": [],
      "hasColours": false,
      "hasSizes": false
    },
    "categories": [
      [
        {
          "name": "gift",
          "label": "gift"
        },
        {
          "name": "beauty & skincare",
          "label": "beauty & skincare"
        },
        {
          "name": "fragrance",
          "label": "fragrance"
        }
      ],
      [
        {
          "name": "premium beauty & skincare",
          "label": "beauty & skincare > premium beauty & skincare"
        },
        {
          "name": "perfume",
          "label": "fragrance > perfume"
        },
        {
          "name": "gifts for her",
          "label": "gift > gifts for her"
        },
        {
          "name": "luxury fragrance",
          "label": "fragrance > luxury fragrance"
        },
        {
          "name": "all gifts",
          "label": "gift > all gifts"
        }
      ],
      [
        {
          "name": "premium beauty gifts",
          "label": "beauty & skincare > premium beauty & skincare > premium beauty gifts"
        },
        {
          "name": "all perfumes",
          "label": "fragrance > perfume > all perfumes"
        },
        {
          "name": "premium beauty gifts",
          "label": "gift > gifts for her > premium beauty gifts"
        },
        {
          "name": "all perfumes",
          "label": "gift > gifts for her > all perfumes"
        }
      ]
    ],
    "reviews": {
      "average": 3.95,
      "count": 351,
      "rounded": 3
    },
    "parent": {
      "product": "2566494",
      "partNumber": "10298600.P",
      "model": "10298600",
      "manufacturerModel": "4793250"
    },
    "images": {
      "thumbnail": "https://boots.scene7.com/is/image/Boots/10298600?wid=45&hei=60&op_sharpen=1"
    },
    "offers": [
      {
        "text": "Save up to 20 percent on selected fragrances"
      }
    ],
    "actions": {},
    "iconUri": "https://boots.scene7.com/is/image/Boots/10298600?op_sharpen=1",
    "title": "Chloé Rose Naturelle Eau de Parfum 30ml",
    "referenceUri": "/chlo%C3%A9-eau-de-parfum-naturelle-for-her-30ml-10298600-",
    "canAddToBasket": "yes",
    "opticians": false,
    "inStock": true,
    "expressDelivery": false,
    "hasOtherPromotion": true,
    "channelPromotionalTextMap": {
      "-1": [
        "Save up to 20 percent on selected fragrances"
      ],
      "-6": [
        "Save up to 20 percent on selected fragrances"
      ]
    },
    "adCardPoints": 162
  },
  {
    "_id": {
      "$oid": "65ec108d9884656b92f558e3"
    },
    "ppuQuantity": "45ML",
    "pricing": {
      "perUnit": "£111.44 per 100ML",
      "regular": {
        "value": 59,
        "currency": "GBP",
        "text": "£59.00"
      },
      "current": {
        "value": 50.15,
        "currency": "GBP",
        "text": "£50.15"
      },
      "saving": {
        "value": 8.85,
        "currency": "GBP",
        "text": "£8.85"
      }
    },
    "objectId": "4142",
    "brand": "Clinique",
    "attributes": {
      "fragrance_scent": [
        "floral",
        "woody",
        "aromatic"
      ],
      "size": "41-50",
      "StockOverrideMessage": "STOCK_COMING_SOON",
      "Size": [
        "45 ml",
        "45ml"
      ],
      "parentCategory_UK": "33029",
      "fragrance_type": [
        "eau de toilette",
        "eau de parfum"
      ],
      "format": "spray",
      "hasPriceAdvantageDeal": false,
      "Reporting_Category": "fragrance",
      "body_area": "body",
      "ProductReviewFlag": "1"
    },
    "variants": {
      "colours": [],
      "hasColours": false,
      "hasSizes": false
    },
    "categories": [
      [
        {
          "name": "fragrance",
          "label": "fragrance"
        },
        {
          "name": "beauty & skincare",
          "label": "beauty & skincare"
        },
        {
          "name": "toiletries",
          "label": "toiletries"
        },
        {
          "name": "gift",
          "label": "gift"
        }
      ],
      [
        {
          "name": "perfume",
          "label": "fragrance > perfume"
        },
        {
          "name": "premium beauty & skincare",
          "label": "beauty & skincare > premium beauty & skincare"
        },
        {
          "name": "skincare",
          "label": "beauty & skincare > skincare"
        },
        {
          "name": "skincare",
          "label": "toiletries > skincare"
        },
        {
          "name": "gifts for her",
          "label": "gift > gifts for her"
        }
      ],
      [
        {
          "name": "save up to 25% across selected premium beauty and No7",
          "label": "beauty & skincare > premium beauty & skincare > save up to 25% across selected premium beauty and No7"
        },
        {
          "name": "skin type",
          "label": "beauty & skincare > skincare > skin type"
        },
        {
          "name": "skincare ingredients",
          "label": "beauty & skincare > skincare > skincare ingredients"
        },
        {
          "name": "all perfumes",
          "label": "fragrance > perfume > all perfumes"
        },
        {
          "name": "floral perfume",
          "label": "fragrance > perfume > floral perfume"
        },
        {
          "name": "skin type",
          "label": "toiletries > skincare > skin type"
        },
        {
          "name": "skincare ingredients",
          "label": "toiletries > skincare > skincare ingredients"
        },
        {
          "name": "all perfumes",
          "label": "gift > gifts for her > all perfumes"
        }
      ]
    ],
    "reviews": {
      "average": 3.87,
      "count": 263,
      "rounded": 3
    },
    "parent": {
      "product": "4141",
      "partNumber": "10014405.P",
      "model": "10014405",
      "manufacturerModel": "2472554"
    },
    "images": {
      "thumbnail": "https://boots.scene7.com/is/image/Boots/10014405?wid=45&hei=60&op_sharpen=1"
    },
    "offers": [
      {
        "text": "Free gift when you spend £65 or more on selected Clinique - online only while stocks last"
      },
      {
        "text": "Save up to 25 percent across selected Premium Beauty"
      }
    ],
    "actions": {},
    "iconUri": "https://boots.scene7.com/is/image/Boots/10014405?op_sharpen=1",
    "title": "Clinique Aromatics Elixir Perfume Spray 45ml",
    "referenceUri": "/clinique-aromatics-elixir-perfume-spray-45ml-10014405",
    "canAddToBasket": "yes",
    "opticians": false,
    "inStock": true,
    "expressDelivery": false,
    "hasOtherPromotion": true,
    "channelPromotionalTextMap": {
      "-1": [
        "Free gift when you spend £65 or more on selected Clinique - online only while stocks last",
        "Save up to 25 percent across selected Premium Beauty"
      ],
      "-6": [
        "Free gift when you spend £65 or more on selected Clinique - online only while stocks last",
        "Save up to 25 percent across selected Premium Beauty"
      ]
    },
    "adCardPoints": 150
  },
  {
    "_id": {
      "$oid": "65ec108d9884656b92f558e4"
    },
    "ppuQuantity": "30ML",
    "pricing": {
      "perUnit": "£189.83 per 100ML",
      "regular": {
        "value": 67,
        "currency": "GBP",
        "text": "£67.00"
      },
      "current": {
        "value": 56.95,
        "currency": "GBP",
        "text": "£56.95"
      },
      "saving": {
        "value": 10.05,
        "currency": "GBP",
        "text": "£10.05"
      }
    },
    "objectId": "2881232",
    "brand": "Hermes",
    "attributes": {
      "fragrance_scent": [
        "floral",
        "fruity"
      ],
      "product_type": "body spray",
      "StockOverrideMessage": "STOCK_COMING_SOON",
      "gender": "womens",
      "size": "21-30",
      "format": "spray",
      "fragrance_type": "eau de parfum",
      "hasPriceAdvantageDeal": false,
      "ProductReviewFlag": "1"
    },
    "variants": {
      "colours": [],
      "hasColours": false,
      "hasSizes": false
    },
    "categories": [
      [
        {
          "name": "fragrance",
          "label": "fragrance"
        },
        {
          "name": "gift",
          "label": "gift"
        },
        {
          "name": "new in",
          "label": "new in"
        }
      ],
      [
        {
          "name": "perfume",
          "label": "fragrance > perfume"
        },
        {
          "name": "gifts for her",
          "label": "gift > gifts for her"
        },
        {
          "name": "luxury fragrance",
          "label": "fragrance > luxury fragrance"
        },
        {
          "name": "new in fragrance",
          "label": "fragrance > new in fragrance"
        },
        {
          "name": "brands",
          "label": "fragrance > brands"
        },
        {
          "name": "new in fragrance",
          "label": "new in > new in fragrance"
        }
      ],
      [
        {
          "name": "all perfumes",
          "label": "fragrance > perfume > all perfumes"
        },
        {
          "name": "floral perfume",
          "label": "fragrance > perfume > floral perfume"
        },
        {
          "name": "all perfumes",
          "label": "gift > gifts for her > all perfumes"
        }
      ]
    ],
    "reviews": {
      "average": 3.67,
      "count": 3,
      "rounded": 3
    },
    "parent": {
      "product": "2881231",
      "partNumber": "10334289.P",
      "model": "10334289",
      "manufacturerModel": "5785170"
    },
    "images": {
      "thumbnail": "https://boots.scene7.com/is/image/Boots/10334289?wid=45&hei=60&op_sharpen=1"
    },
    "offers": [
      {
        "text": "Save up to 20 percent on selected fragrances"
      }
    ],
    "actions": {},
    "iconUri": "https://boots.scene7.com/is/image/Boots/10334289?op_sharpen=1",
    "title": "Hermes Tutti Twilly d'Hermès Eau de Parfum 30ml",
    "referenceUri": "/hermes-tutti-twilly-dherm%C3%A8s-eau-de-parfum-30ml-10334289",
    "canAddToBasket": "yes",
    "opticians": false,
    "inStock": true,
    "expressDelivery": false,
    "hasOtherPromotion": true,
    "channelPromotionalTextMap": {
      "-1": [
        "Save up to 20 percent on selected fragrances"
      ],
      "-6": [
        "Save up to 20 percent on selected fragrances"
      ]
    },
    "adCardPoints": 168
  },
  {
    "_id": {
      "$oid": "65ec108d9884656b92f558e5"
    },
    "ppuQuantity": "50ML",
    "pricing": {
      "perUnit": "£132.00 per 100ML",
      "regular": {
        "value": 66,
        "currency": "GBP",
        "text": "£66.00"
      },
      "current": {
        "value": 66,
        "currency": "GBP",
        "text": "£66.00"
      }
    },
    "objectId": "2935605",
    "brand": "Azzaro",
    "attributes": {
      "hasPriceAdvantageDeal": false,
      "product_type": "body spray",
      "size": "41-50",
      "StockOverrideMessage": "STOCK_COMING_SOON",
      "ProductReviewFlag": "1"
    },
    "variants": {
      "colours": [],
      "hasColours": false,
      "hasSizes": false
    },
    "categories": [
      [
        {
          "name": "new in",
          "label": "new in"
        },
        {
          "name": "toiletries",
          "label": "toiletries"
        },
        {
          "name": "men's",
          "label": "men's"
        },
        {
          "name": "fragrance",
          "label": "fragrance"
        },
        {
          "name": "gift",
          "label": "gift"
        }
      ],
      [
        {
          "name": "new in fragrance",
          "label": "new in > new in fragrance"
        },
        {
          "name": "men's toiletries",
          "label": "toiletries > men's toiletries"
        },
        {
          "name": "men's toiletries",
          "label": "men's > men's toiletries"
        },
        {
          "name": "perfume",
          "label": "fragrance > perfume"
        },
        {
          "name": "aftershave",
          "label": "fragrance > aftershave"
        },
        {
          "name": "gifts for him",
          "label": "gift > gifts for him"
        },
        {
          "name": "gifts for her",
          "label": "gift > gifts for her"
        },
        {
          "name": "aftershave",
          "label": "men's > aftershave"
        },
        {
          "name": "new in fragrance",
          "label": "fragrance > new in fragrance"
        },
        {
          "name": "brands",
          "label": "fragrance > brands"
        }
      ],
      [
        {
          "name": "aftershave",
          "label": "toiletries > men's toiletries > aftershave"
        },
        {
          "name": "aftershave",
          "label": "men's > men's toiletries > aftershave"
        },
        {
          "name": "all perfumes",
          "label": "fragrance > perfume > all perfumes"
        },
        {
          "name": "all aftershave",
          "label": "fragrance > aftershave > all aftershave"
        },
        {
          "name": "all aftershave",
          "label": "gift > gifts for him > all aftershave"
        },
        {
          "name": "all perfumes",
          "label": "gift > gifts for her > all perfumes"
        },
        {
          "name": "all aftershave",
          "label": "men's > aftershave > all aftershave"
        }
      ],
      [
        {
          "name": "all aftershave",
          "label": "toiletries > men's toiletries > aftershave > all aftershave"
        },
        {
          "name": "all aftershave",
          "label": "men's > men's toiletries > aftershave > all aftershave"
        }
      ]
    ],
    "reviews": {
      "average": null,
      "count": null,
      "rounded": null
    },
    "parent": {
      "product": "2935604",
      "partNumber": "10340395.P",
      "model": "10340395",
      "manufacturerModel": "2331667"
    },
    "images": {
      "thumbnail": "https://boots.scene7.com/is/image/Boots/10340395?wid=45&hei=60&op_sharpen=1"
    },
    "offers": [],
    "actions": {},
    "iconUri": "https://boots.scene7.com/is/image/Boots/10340395?op_sharpen=1",
    "title": "Azzaro The Most Wanted Eau De Parfum Intense 50ml",
    "referenceUri": "/azzaro-the-most-wanted-eau-de-parfum-intense-50ml-10340395",
    "canAddToBasket": "yes",
    "opticians": false,
    "inStock": true,
    "expressDelivery": false,
    "hasOtherPromotion": false,
    "channelPromotionalTextMap": {
      "-1": [],
      "-6": []
    },
    "adCardPoints": 198
  },
  {
    "_id": {
      "$oid": "65ec108d9884656b92f558e6"
    },
    "ppuQuantity": "60ML",
    "pricing": {
      "perUnit": "£96.67 per 100ML",
      "regular": {
        "value": 58,
        "currency": "GBP",
        "text": "£58.00"
      },
      "current": {
        "value": 58,
        "currency": "GBP",
        "text": "£58.00"
      }
    },
    "objectId": "2926647",
    "brand": "Jimmy Choo",
    "attributes": {
      "fragrance_scent": "floral",
      "StockOverrideMessage": "STOCK_COMING_SOON",
      "size": "51-70",
      "gender": "womens",
      "fragrance_type": "eau de parfum",
      "hasPriceAdvantageDeal": false,
      "ProductReviewFlag": "1"
    },
    "variants": {
      "colours": [],
      "hasColours": false,
      "hasSizes": false
    },
    "categories": [
      [
        {
          "name": "new in",
          "label": "new in"
        },
        {
          "name": "fragrance",
          "label": "fragrance"
        },
        {
          "name": "gift",
          "label": "gift"
        }
      ],
      [
        {
          "name": "perfume",
          "label": "fragrance > perfume"
        },
        {
          "name": "gifts for her",
          "label": "gift > gifts for her"
        },
        {
          "name": "luxury fragrance",
          "label": "fragrance > luxury fragrance"
        },
        {
          "name": "new in fragrance",
          "label": "fragrance > new in fragrance"
        },
        {
          "name": "new in fragrance",
          "label": "new in > new in fragrance"
        }
      ],
      [
        {
          "name": "all perfumes",
          "label": "fragrance > perfume > all perfumes"
        },
        {
          "name": "floral perfume",
          "label": "fragrance > perfume > floral perfume"
        },
        {
          "name": "all perfumes",
          "label": "gift > gifts for her > all perfumes"
        }
      ]
    ],
    "reviews": {
      "average": null,
      "count": null,
      "rounded": null
    },
    "parent": {
      "product": "2926646",
      "partNumber": "10339423.P",
      "model": "10339423",
      "manufacturerModel": "2134098"
    },
    "images": {
      "thumbnail": "https://boots.scene7.com/is/image/Boots/10339423?wid=45&hei=60&op_sharpen=1"
    },
    "offers": [
      {
        "text": "Free gift when you buy selected Jimmy Choo fragrances - online only, whilst stocks last"
      }
    ],
    "actions": {},
    "iconUri": "https://boots.scene7.com/is/image/Boots/10339423?op_sharpen=1",
    "title": "Jimmy Choo Blossom Special Edition 60ml",
    "referenceUri": "/jimmy-choo-blossom-special-edition-60-ml-10339423",
    "canAddToBasket": "yes",
    "opticians": false,
    "inStock": true,
    "expressDelivery": false,
    "hasOtherPromotion": true,
    "channelPromotionalTextMap": {
      "-1": [
        "Free gift when you buy selected Jimmy Choo fragrances - online only, whilst stocks last"
      ],
      "-6": [
        "Free gift when you buy selected Jimmy Choo fragrances - online only, whilst stocks last"
      ]
    },
    "adCardPoints": 174
  },
  {
    "_id": {
      "$oid": "65ec108d9884656b92f558e7"
    },
    "ppuQuantity": "40ML",
    "pricing": {
      "perUnit": "£112.50 per 100ML",
      "regular": {
        "value": 45,
        "currency": "GBP",
        "text": "£45.00"
      },
      "current": {
        "value": 45,
        "currency": "GBP",
        "text": "£45.00"
      }
    },
    "objectId": "2926645",
    "brand": "Jimmy Choo",
    "attributes": {
      "fragrance_scent": "floral",
      "StockOverrideMessage": "STOCK_COMING_SOON",
      "size": "31-40",
      "gender": "womens",
      "fragrance_type": "eau de parfum",
      "hasPriceAdvantageDeal": false,
      "ProductReviewFlag": "1"
    },
    "variants": {
      "colours": [],
      "hasColours": false,
      "hasSizes": false
    },
    "categories": [
      [
        {
          "name": "new in",
          "label": "new in"
        },
        {
          "name": "fragrance",
          "label": "fragrance"
        },
        {
          "name": "gift",
          "label": "gift"
        }
      ],
      [
        {
          "name": "perfume",
          "label": "fragrance > perfume"
        },
        {
          "name": "gifts for her",
          "label": "gift > gifts for her"
        },
        {
          "name": "luxury fragrance",
          "label": "fragrance > luxury fragrance"
        },
        {
          "name": "new in fragrance",
          "label": "fragrance > new in fragrance"
        },
        {
          "name": "new in fragrance",
          "label": "new in > new in fragrance"
        }
      ],
      [
        {
          "name": "all perfumes",
          "label": "fragrance > perfume > all perfumes"
        },
        {
          "name": "floral perfume",
          "label": "fragrance > perfume > floral perfume"
        },
        {
          "name": "all perfumes",
          "label": "gift > gifts for her > all perfumes"
        }
      ]
    ],
    "reviews": {
      "average": null,
      "count": null,
      "rounded": null
    },
    "parent": {
      "product": "2926644",
      "partNumber": "10339422.P",
      "model": "10339422",
      "manufacturerModel": "2134071"
    },
    "images": {
      "thumbnail": "https://boots.scene7.com/is/image/Boots/10339422?wid=45&hei=60&op_sharpen=1"
    },
    "offers": [],
    "actions": {},
    "iconUri": "https://boots.scene7.com/is/image/Boots/10339422?op_sharpen=1",
    "title": "Jimmy Choo Blossom Special Edition 40ml",
    "referenceUri": "/jimmy-choo-blossom-special-edition-40-ml-10339422",
    "canAddToBasket": "yes",
    "opticians": false,
    "inStock": true,
    "expressDelivery": false,
    "hasOtherPromotion": false,
    "channelPromotionalTextMap": {
      "-1": [],
      "-6": []
    },
    "adCardPoints": 135
  },
  {
    "_id": {
      "$oid": "65ec108d9884656b92f558e8"
    },
    "ppuQuantity": "100ML",
    "pricing": {
      "perUnit": "£114.75 per 100ML",
      "regular": {
        "value": 135,
        "currency": "GBP",
        "text": "£135.00"
      },
      "current": {
        "value": 114.75,
        "currency": "GBP",
        "text": "£114.75"
      },
      "saving": {
        "value": 20.25,
        "currency": "GBP",
        "text": "£20.25"
      }
    },
    "objectId": "2870211",
    "brand": "Prada",
    "attributes": {
      "fragrance_scent": "floral",
      "product_type": "perfume",
      "gender": "unisex",
      "StockOverrideMessage": "STOCK_COMING_SOON",
      "size": "71-100",
      "fragrance_type": "eau de parfum",
      "format": "spray",
      "hasPriceAdvantageDeal": false,
      "ProductReviewFlag": "1"
    },
    "variants": {
      "colours": [],
      "hasColours": false,
      "hasSizes": false
    },
    "categories": [
      [
        {
          "name": "new in",
          "label": "new in"
        },
        {
          "name": "fragrance",
          "label": "fragrance"
        },
        {
          "name": "gift",
          "label": "gift"
        }
      ],
      [
        {
          "name": "perfume",
          "label": "fragrance > perfume"
        },
        {
          "name": "gifts for her",
          "label": "gift > gifts for her"
        },
        {
          "name": "luxury fragrance",
          "label": "fragrance > luxury fragrance"
        },
        {
          "name": "new in fragrance",
          "label": "fragrance > new in fragrance"
        },
        {
          "name": "brands",
          "label": "fragrance > brands"
        },
        {
          "name": "new in fragrance",
          "label": "new in > new in fragrance"
        }
      ],
      [
        {
          "name": "all perfumes",
          "label": "fragrance > perfume > all perfumes"
        },
        {
          "name": "floral perfume",
          "label": "fragrance > perfume > floral perfume"
        },
        {
          "name": "all perfumes",
          "label": "gift > gifts for her > all perfumes"
        }
      ]
    ],
    "reviews": {
      "average": 5,
      "count": 3,
      "rounded": 5
    },
    "parent": {
      "product": "2870210",
      "partNumber": "10333159.P",
      "model": "10333159",
      "manufacturerModel": "5763134"
    },
    "images": {
      "thumbnail": "https://boots.scene7.com/is/image/Boots/10333159?wid=45&hei=60&op_sharpen=1"
    },
    "offers": [
      {
        "text": "Save up to 20 percent on selected fragrances"
      }
    ],
    "actions": {},
    "iconUri": "https://boots.scene7.com/is/image/Boots/10333159?op_sharpen=1",
    "title": "Prada Infusion d’Amande Eau de Parfum 100ml",
    "referenceUri": "/prada-infusion-d%E2%80%99amande-eau-de-parfum-100ml-10333159",
    "canAddToBasket": "yes",
    "opticians": false,
    "inStock": true,
    "expressDelivery": false,
    "hasOtherPromotion": true,
    "channelPromotionalTextMap": {
      "-1": [
        "Save up to 20 percent on selected fragrances"
      ],
      "-6": [
        "Save up to 20 percent on selected fragrances"
      ]
    },
    "adCardPoints": 342
  },
  {
    "_id": {
      "$oid": "65ec108d9884656b92f558e9"
    },
    "ppuQuantity": "50ML",
    "pricing": {
      "perUnit": "£48.00 per 100ML",
      "regular": {
        "value": 24,
        "currency": "GBP",
        "text": "£24.00"
      },
      "current": {
        "value": 24,
        "currency": "GBP",
        "text": "£24.00"
      }
    },
    "objectId": "2868291",
    "brand": "Karl Lagerfeld",
    "attributes": {
      "fragrance_scent": "floral",
      "product_type": "body spray",
      "gender": "womens",
      "size": "41-50",
      "StockOverrideMessage": "STOCK_COMING_SOON",
      "format": "spray",
      "fragrance_type": "eau de parfum",
      "hasPriceAdvantageDeal": false,
      "ProductReviewFlag": "1"
    },
    "variants": {
      "colours": [],
      "hasColours": false,
      "hasSizes": false
    },
    "categories": [
      [
        {
          "name": "fragrance",
          "label": "fragrance"
        },
        {
          "name": "gift",
          "label": "gift"
        },
        {
          "name": "new in",
          "label": "new in"
        }
      ],
      [
        {
          "name": "perfume",
          "label": "fragrance > perfume"
        },
        {
          "name": "gifts for her",
          "label": "gift > gifts for her"
        },
        {
          "name": "new in fragrance",
          "label": "fragrance > new in fragrance"
        },
        {
          "name": "brands",
          "label": "fragrance > brands"
        },
        {
          "name": "new in fragrance",
          "label": "new in > new in fragrance"
        }
      ],
      [
        {
          "name": "all perfumes",
          "label": "fragrance > perfume > all perfumes"
        },
        {
          "name": "floral perfume",
          "label": "fragrance > perfume > floral perfume"
        },
        {
          "name": "all perfumes",
          "label": "gift > gifts for her > all perfumes"
        }
      ]
    ],
    "reviews": {
      "average": 5,
      "count": 2,
      "rounded": 5
    },
    "parent": {
      "product": "2868290",
      "partNumber": "10332887.P",
      "model": "10332887",
      "manufacturerModel": "5758491"
    },
    "images": {
      "thumbnail": "https://boots.scene7.com/is/image/Boots/10332887?wid=45&hei=60&op_sharpen=1"
    },
    "offers": [],
    "actions": {},
    "iconUri": "https://boots.scene7.com/is/image/Boots/10332887?op_sharpen=1",
    "title": "Karl Lagerfeld Fleur de Pivoine Eau de Parfum 50ml",
    "referenceUri": "/karl-lagerfeld-fleur-de-pivoine-eau-de-parfum-50ml-10332887",
    "canAddToBasket": "yes",
    "opticians": false,
    "inStock": true,
    "expressDelivery": false,
    "hasOtherPromotion": false,
    "channelPromotionalTextMap": {
      "-1": [],
      "-6": []
    },
    "adCardPoints": 72
  },
  {
    "_id": {
      "$oid": "65ec108d9884656b92f558ea"
    },
    "ppuQuantity": "100ML",
    "pricing": {
      "perUnit": "£96.90 per 100ML",
      "regular": {
        "value": 114,
        "currency": "GBP",
        "text": "£114.00"
      },
      "current": {
        "value": 96.9,
        "currency": "GBP",
        "text": "£96.90"
      },
      "saving": {
        "value": 17.1,
        "currency": "GBP",
        "text": "£17.10"
      }
    },
    "objectId": "2701219",
    "brand": "Hermes",
    "attributes": {
      "fragrance_scent": "woody",
      "fragrance_type": "eau de parfum",
      "hasPriceAdvantageDeal": false,
      "StockOverrideMessage": "STOCK_COMING_SOON",
      "ProductReviewFlag": "1"
    },
    "variants": {
      "colours": [],
      "hasColours": false,
      "hasSizes": false
    },
    "categories": [
      [
        {
          "name": "fragrance",
          "label": "fragrance"
        },
        {
          "name": "gift",
          "label": "gift"
        }
      ],
      [
        {
          "name": "5* rated perfumes & aftershaves",
          "label": "fragrance > 5* rated perfumes & aftershaves"
        },
        {
          "name": "perfume",
          "label": "fragrance > perfume"
        },
        {
          "name": "gifts for her",
          "label": "gift > gifts for her"
        },
        {
          "name": "luxury fragrance",
          "label": "fragrance > luxury fragrance"
        }
      ],
      [
        {
          "name": "all perfumes",
          "label": "fragrance > perfume > all perfumes"
        },
        {
          "name": "all perfumes",
          "label": "gift > gifts for her > all perfumes"
        }
      ]
    ],
    "reviews": {
      "average": 5,
      "count": 1,
      "rounded": 5
    },
    "parent": {
      "product": "2701218",
      "partNumber": "10315173.P",
      "model": "10315173",
      "manufacturerModel": "3559599"
    },
    "images": {
      "thumbnail": "https://boots.scene7.com/is/image/Boots/10315173?wid=45&hei=60&op_sharpen=1"
    },
    "offers": [
      {
        "text": "Save up to 20 percent on selected fragrances"
      }
    ],
    "actions": {},
    "iconUri": "https://boots.scene7.com/is/image/Boots/10315173?op_sharpen=1",
    "title": "Hermes H24 Eau de Parfum 100ml",
    "referenceUri": "/hermes-h24-eau-de-parfum-100ml-10315173",
    "canAddToBasket": "yes",
    "opticians": false,
    "inStock": true,
    "expressDelivery": false,
    "hasOtherPromotion": true,
    "channelPromotionalTextMap": {
      "-1": [
        "Save up to 20 percent on selected fragrances"
      ],
      "-6": [
        "Save up to 20 percent on selected fragrances"
      ]
    },
    "adCardPoints": 288
  },
  {
    "_id": {
      "$oid": "65ec108d9884656b92f558eb"
    },
    "ppuQuantity": "50ML",
    "pricing": {
      "perUnit": "£132.00 per 100ML",
      "regular": {
        "value": 66,
        "currency": "GBP",
        "text": "£66.00"
      },
      "current": {
        "value": 66,
        "currency": "GBP",
        "text": "£66.00"
      }
    },
    "objectId": "2674141",
    "brand": "Elie Saab",
    "attributes": {
      "fragrance_scent": [
        "floral",
        "fruity"
      ],
      "size": "41-50",
      "gender": "womens",
      "fragrance_type": "eau de parfum",
      "format": "spray",
      "hasPriceAdvantageDeal": false,
      "Reporting_Category": "fragrance",
      "body_area": "body",
      "ProductReviewFlag": "1"
    },
    "variants": {
      "colours": [],
      "hasColours": false,
      "hasSizes": false
    },
    "categories": [
      [
        {
          "name": "fragrance",
          "label": "fragrance"
        },
        {
          "name": "gift",
          "label": "gift"
        }
      ],
      [
        {
          "name": "5* rated perfumes & aftershaves",
          "label": "fragrance > 5* rated perfumes & aftershaves"
        },
        {
          "name": "perfume",
          "label": "fragrance > perfume"
        },
        {
          "name": "gifts for her",
          "label": "gift > gifts for her"
        },
        {
          "name": "luxury fragrance",
          "label": "fragrance > luxury fragrance"
        }
      ],
      [
        {
          "name": "all perfumes",
          "label": "fragrance > perfume > all perfumes"
        },
        {
          "name": "floral perfume",
          "label": "fragrance > perfume > floral perfume"
        },
        {
          "name": "all perfumes",
          "label": "gift > gifts for her > all perfumes"
        }
      ]
    ],
    "reviews": {
      "average": 5,
      "count": 1,
      "rounded": 5
    },
    "parent": {
      "product": "2674140",
      "partNumber": "10312334.P",
      "model": "10312334",
      "manufacturerModel": "2589354"
    },
    "images": {
      "thumbnail": "https://boots.scene7.com/is/image/Boots/10312334?wid=45&hei=60&op_sharpen=1"
    },
    "offers": [],
    "actions": {},
    "iconUri": "https://boots.scene7.com/is/image/Boots/10312334?op_sharpen=1",
    "title": "Elie Saab Girl Of Now Lovely Eau de Parfum 50ml",
    "referenceUri": "/elie-saab-girl-of-now-lovely-eau-de-parfum-50ml-10312334",
    "canAddToBasket": "yes",
    "opticians": false,
    "inStock": true,
    "expressDelivery": false,
    "hasOtherPromotion": false,
    "channelPromotionalTextMap": {
      "-1": [],
      "-6": []
    },
    "adCardPoints": 198
  },
  {
    "_id": {
      "$oid": "65ec108d9884656b92f558ec"
    },
    "ppuQuantity": "85ML",
    "pricing": {
      "perUnit": "£130.00 per 100ML",
      "regular": {
        "value": 130,
        "currency": "GBP",
        "text": "£130.00"
      },
      "current": {
        "value": 110.5,
        "currency": "GBP",
        "text": "£110.50"
      },
      "saving": {
        "value": 19.5,
        "currency": "GBP",
        "text": "£19.50"
      }
    },
    "objectId": "2600870",
    "brand": "Hermes",
    "attributes": {
      "fragrance_scent": [
        "floral",
        "spicy",
        "amber"
      ],
      "gender": "womens",
      "size": "71-100",
      "format": "spray",
      "fragrance_type": "eau de parfum",
      "hasPriceAdvantageDeal": false,
      "Reporting_Category": "fragrance",
      "body_area": "body",
      "ProductReviewFlag": "1"
    },
    "variants": {
      "colours": [],
      "hasColours": false,
      "hasSizes": false
    },
    "categories": [
      [
        {
          "name": "new in",
          "label": "new in"
        },
        {
          "name": "fragrance",
          "label": "fragrance"
        },
        {
          "name": "gift",
          "label": "gift"
        }
      ],
      [
        {
          "name": "new in fragrance",
          "label": "new in > new in fragrance"
        },
        {
          "name": "perfume",
          "label": "fragrance > perfume"
        },
        {
          "name": "gifts for her",
          "label": "gift > gifts for her"
        },
        {
          "name": "luxury fragrance",
          "label": "fragrance > luxury fragrance"
        },
        {
          "name": "new in fragrance",
          "label": "fragrance > new in fragrance"
        }
      ],
      [
        {
          "name": "all perfumes",
          "label": "fragrance > perfume > all perfumes"
        },
        {
          "name": "floral perfume",
          "label": "fragrance > perfume > floral perfume"
        },
        {
          "name": "amber perfume",
          "label": "fragrance > perfume > amber perfume"
        },
        {
          "name": "all perfumes",
          "label": "gift > gifts for her > all perfumes"
        }
      ]
    ],
    "reviews": {
      "average": 5,
      "count": 2,
      "rounded": 5
    },
    "parent": {
      "product": "2600869",
      "partNumber": "10301585.P",
      "model": "10301585",
      "manufacturerModel": "7081553"
    },
    "images": {
      "thumbnail": "https://boots.scene7.com/is/image/Boots/10301585?wid=45&hei=60&op_sharpen=1"
    },
    "offers": [
      {
        "text": "Free gift when you buy selected Hermes fragrance - online only, whilst stocks last"
      },
      {
        "text": "Free gift when you buy selected Hermes fragrance - online only, whilst stocks last"
      },
      {
        "text": "Save up to 20 percent on selected fragrances"
      }
    ],
    "actions": {},
    "iconUri": "https://boots.scene7.com/is/image/Boots/10301585?op_sharpen=1",
    "title": "Hermes Twilly d'Hermès Eau de Parfum 85ml",
    "referenceUri": "/hermes-twilly-d-herm%C3%A8s-eau-de-parfum-85ml-10301585",
    "canAddToBasket": "yes",
    "opticians": false,
    "inStock": true,
    "expressDelivery": false,
    "hasOtherPromotion": true,
    "channelPromotionalTextMap": {
      "-1": [
        "Free gift when you buy selected Hermes fragrance - online only, whilst stocks last",
        "Free gift when you buy selected Hermes fragrance - online only, whilst stocks last",
        "Save up to 20 percent on selected fragrances"
      ],
      "-6": [
        "Free gift when you buy selected Hermes fragrance - online only, whilst stocks last",
        "Free gift when you buy selected Hermes fragrance - online only, whilst stocks last",
        "Save up to 20 percent on selected fragrances"
      ]
    },
    "adCardPoints": 330
  },
  {
    "_id": {
      "$oid": "65ec108d9884656b92f558ed"
    },
    "ppuQuantity": "50ML",
    "pricing": {
      "perUnit": "£170.00 per 100ML",
      "regular": {
        "value": 100,
        "currency": "GBP",
        "text": "£100.00"
      },
      "current": {
        "value": 85,
        "currency": "GBP",
        "text": "£85.00"
      },
      "saving": {
        "value": 15,
        "currency": "GBP",
        "text": "£15.00"
      }
    },
    "objectId": "2375546",
    "brand": "Hermes",
    "attributes": {
      "fragrance_scent": [
        "woody",
        "amber"
      ],
      "StockOverrideMessage": "STOCK_COMING_SOON",
      "size": "41-50",
      "gender": "unisex",
      "fragrance_type": "eau de parfum",
      "format": "spray",
      "hasPriceAdvantageDeal": false,
      "Reporting_Category": "fragrance",
      "ProductReviewFlag": "1"
    },
    "variants": {
      "colours": [],
      "hasColours": false,
      "hasSizes": false
    },
    "categories": [
      [
        {
          "name": "men's",
          "label": "men's"
        },
        {
          "name": "toiletries",
          "label": "toiletries"
        },
        {
          "name": "fragrance",
          "label": "fragrance"
        },
        {
          "name": "gift",
          "label": "gift"
        }
      ],
      [
        {
          "name": "aftershave",
          "label": "men's > aftershave"
        },
        {
          "name": "men's toiletries",
          "label": "toiletries > men's toiletries"
        },
        {
          "name": "men's toiletries",
          "label": "men's > men's toiletries"
        },
        {
          "name": "perfume",
          "label": "fragrance > perfume"
        },
        {
          "name": "aftershave",
          "label": "fragrance > aftershave"
        },
        {
          "name": "recommended",
          "label": "fragrance > recommended"
        },
        {
          "name": "gifts for him",
          "label": "gift > gifts for him"
        },
        {
          "name": "gifts for her",
          "label": "gift > gifts for her"
        }
      ],
      [
        {
          "name": "aftershave",
          "label": "toiletries > men's toiletries > aftershave"
        },
        {
          "name": "aftershave",
          "label": "men's > men's toiletries > aftershave"
        },
        {
          "name": "all perfumes",
          "label": "fragrance > perfume > all perfumes"
        },
        {
          "name": "all aftershave",
          "label": "fragrance > aftershave > all aftershave"
        },
        {
          "name": "unisex fragrance",
          "label": "fragrance > recommended > unisex fragrance"
        },
        {
          "name": "all aftershave",
          "label": "gift > gifts for him > all aftershave"
        },
        {
          "name": "all perfumes",
          "label": "gift > gifts for her > all perfumes"
        },
        {
          "name": "all aftershave",
          "label": "men's > aftershave > all aftershave"
        }
      ],
      [
        {
          "name": "all aftershave",
          "label": "toiletries > men's toiletries > aftershave > all aftershave"
        },
        {
          "name": "all aftershave",
          "label": "men's > men's toiletries > aftershave > all aftershave"
        }
      ]
    ],
    "reviews": {
      "average": 5,
      "count": 2,
      "rounded": 5
    },
    "parent": {
      "product": "2375545",
      "partNumber": "10277756.P",
      "model": "10277756",
      "manufacturerModel": "8806721"
    },
    "images": {
      "thumbnail": "https://boots.scene7.com/is/image/Boots/10277756?wid=45&hei=60&op_sharpen=1"
    },
    "offers": [
      {
        "text": "Free gift when you buy selected Hermes fragrance - online only, whilst stocks last"
      },
      {
        "text": "Save up to 20 percent on selected fragrances"
      }
    ],
    "actions": {},
    "iconUri": "https://boots.scene7.com/is/image/Boots/10277756?op_sharpen=1",
    "title": "Hermes L'Ombre des Merveilles Eau de Parfum 50ml",
    "referenceUri": "/hermes-lombre-des-merveilles-eau-de-parfum-50ml-10277756",
    "canAddToBasket": "yes",
    "opticians": false,
    "inStock": true,
    "expressDelivery": false,
    "hasOtherPromotion": true,
    "channelPromotionalTextMap": {
      "-1": [
        "Free gift when you buy selected Hermes fragrance - online only, whilst stocks last",
        "Save up to 20 percent on selected fragrances"
      ],
      "-6": [
        "Free gift when you buy selected Hermes fragrance - online only, whilst stocks last",
        "Save up to 20 percent on selected fragrances"
      ]
    },
    "adCardPoints": 255
  },
  {
    "_id": {
      "$oid": "65ec108d9884656b92f558ee"
    },
    "ppuQuantity": "30ML",
    "pricing": {
      "perUnit": "£189.83 per 100ML",
      "regular": {
        "value": 67,
        "currency": "GBP",
        "text": "£67.00"
      },
      "current": {
        "value": 56.95,
        "currency": "GBP",
        "text": "£56.95"
      },
      "saving": {
        "value": 10.05,
        "currency": "GBP",
        "text": "£10.05"
      }
    },
    "objectId": "2840633",
    "brand": "Mugler",
    "attributes": {
      "fragrance_scent": [
        "jasmine",
        "floral"
      ],
      "size": "21-30",
      "gender": "womens",
      "StockOverrideMessage": "STOCK_COMING_SOON",
      "fragrance_type": "eau de parfum",
      "hasPriceAdvantageDeal": false,
      "ProductReviewFlag": "1"
    },
    "variants": {
      "colours": [],
      "hasColours": false,
      "hasSizes": false
    },
    "categories": [
      [
        {
          "name": "new in",
          "label": "new in"
        },
        {
          "name": "fragrance",
          "label": "fragrance"
        },
        {
          "name": "gift",
          "label": "gift"
        }
      ],
      [
        {
          "name": "new in fragrance",
          "label": "new in > new in fragrance"
        },
        {
          "name": "perfume",
          "label": "fragrance > perfume"
        },
        {
          "name": "gifts for her",
          "label": "gift > gifts for her"
        },
        {
          "name": "luxury fragrance",
          "label": "fragrance > luxury fragrance"
        },
        {
          "name": "new in fragrance",
          "label": "fragrance > new in fragrance"
        },
        {
          "name": "brands",
          "label": "fragrance > brands"
        }
      ],
      [
        {
          "name": "all perfumes",
          "label": "fragrance > perfume > all perfumes"
        },
        {
          "name": "floral perfume",
          "label": "fragrance > perfume > floral perfume"
        },
        {
          "name": "all perfumes",
          "label": "gift > gifts for her > all perfumes"
        }
      ]
    ],
    "reviews": {
      "average": 4.8,
      "count": 1443,
      "rounded": 4
    },
    "parent": {
      "product": "2840632",
      "partNumber": "10328976.P",
      "model": "10328976",
      "manufacturerModel": "5579864"
    },
    "images": {
      "thumbnail": "https://boots.scene7.com/is/image/Boots/10328976?wid=45&hei=60&op_sharpen=1"
    },
    "offers": [
      {
        "text": "Save up to 20 percent on selected fragrances"
      }
    ],
    "actions": {},
    "iconUri": "https://boots.scene7.com/is/image/Boots/10328976?op_sharpen=1",
    "title": "Mugler Alien Goddess Supra Florale Eau De Parfum 30ml",
    "referenceUri": "/mugler-alien-goddess-supra-florale-eau-de-parfum-30ml-10328976",
    "canAddToBasket": "yes",
    "opticians": false,
    "inStock": true,
    "expressDelivery": false,
    "hasOtherPromotion": true,
    "channelPromotionalTextMap": {
      "-1": [
        "Save up to 20 percent on selected fragrances"
      ],
      "-6": [
        "Save up to 20 percent on selected fragrances"
      ]
    },
    "adCardPoints": 168
  },
  {
    "_id": {
      "$oid": "65ec108d9884656b92f558ef"
    },
    "ppuQuantity": "100ML",
    "pricing": {
      "perUnit": "£39.10 per 100ML",
      "regular": {
        "value": 46,
        "currency": "GBP",
        "text": "£46.00"
      },
      "current": {
        "value": 39.1,
        "currency": "GBP",
        "text": "£39.10"
      },
      "saving": {
        "value": 6.9,
        "currency": "GBP",
        "text": "£6.90"
      }
    },
    "objectId": "2049445",
    "brand": "Britney Spears",
    "attributes": {
      "fragrance_scent": [
        "floral",
        "sweet"
      ],
      "StockOverrideMessage": "STOCK_COMING_SOON",
      "size": "71-100",
      "gender": "womens",
      "fragrance_type": "eau de parfum",
      "hasPriceAdvantageDeal": false,
      "Reporting_Category": "fragrance",
      "ProductReviewFlag": "1"
    },
    "variants": {
      "colours": [],
      "hasColours": false,
      "hasSizes": false
    },
    "categories": [
      [
        {
          "name": "fragrance",
          "label": "fragrance"
        },
        {
          "name": "gift",
          "label": "gift"
        }
      ],
      [
        {
          "name": "5* rated perfumes & aftershaves",
          "label": "fragrance > 5* rated perfumes & aftershaves"
        },
        {
          "name": "perfume",
          "label": "fragrance > perfume"
        },
        {
          "name": "fragrance offers",
          "label": "fragrance > fragrance offers"
        },
        {
          "name": "gifts for her",
          "label": "gift > gifts for her"
        },
        {
          "name": "celebrity fragrance",
          "label": "fragrance > celebrity fragrance"
        }
      ],
      [
        {
          "name": "all perfumes",
          "label": "fragrance > perfume > all perfumes"
        },
        {
          "name": "save up to 60 percent",
          "label": "fragrance > fragrance offers > save up to 60 percent"
        },
        {
          "name": "save up to 20% on fragrance",
          "label": "fragrance > fragrance offers > save up to 20% on fragrance"
        },
        {
          "name": "black friday fragrance offers",
          "label": "fragrance > fragrance offers > black friday fragrance offers"
        },
        {
          "name": "all perfumes",
          "label": "gift > gifts for her > all perfumes"
        }
      ]
    ],
    "reviews": {
      "average": 4.78,
      "count": 9,
      "rounded": 4
    },
    "parent": {
      "product": "2049444",
      "partNumber": "10238185.P",
      "model": "10238185",
      "manufacturerModel": "8029822"
    },
    "images": {
      "thumbnail": "https://boots.scene7.com/is/image/Boots/10238185?wid=45&hei=60&op_sharpen=1"
    },
    "offers": [
      {
        "text": "Save up to 20 percent on selected fragrances"
      }
    ],
    "actions": {},
    "iconUri": "https://boots.scene7.com/is/image/Boots/10238185?op_sharpen=1",
    "title": "Britney Fantasy Intimate Fantasy Eau de Parfum 100ml",
    "referenceUri": "/britney-spears-intimate-fantasy-100ml-10238185",
    "canAddToBasket": "yes",
    "opticians": false,
    "inStock": true,
    "expressDelivery": false,
    "hasOtherPromotion": true,
    "channelPromotionalTextMap": {
      "-1": [
        "Save up to 20 percent on selected fragrances"
      ],
      "-6": [
        "Save up to 20 percent on selected fragrances"
      ]
    },
    "adCardPoints": 117
  },
  {
    "_id": {
      "$oid": "65ec108d9884656b92f558f0"
    },
    "ppuQuantity": "50ML",
    "pricing": {
      "perUnit": "£161.50 per 100ML",
      "regular": {
        "value": 95,
        "currency": "GBP",
        "text": "£95.00"
      },
      "current": {
        "value": 80.75,
        "currency": "GBP",
        "text": "£80.75"
      },
      "saving": {
        "value": 14.25,
        "currency": "GBP",
        "text": "£14.25"
      }
    },
    "objectId": "2631149",
    "brand": "Valentino",
    "attributes": {
      "fragrance_scent": [
        "fruity",
        "floral",
        "fruity",
        "floral"
      ],
      "gender": "womens",
      "StockOverrideMessage": "STOCK_COMING_SOON",
      "size": "41-50",
      "fragrance_type": "eau de parfum",
      "hasPriceAdvantageDeal": false,
      "Reporting_Category": "fragrance",
      "body_area": "body",
      "ProductReviewFlag": "1"
    },
    "variants": {
      "colours": [],
      "hasColours": false,
      "hasSizes": false
    },
    "categories": [
      [
        {
          "name": "new in",
          "label": "new in"
        },
        {
          "name": "fragrance",
          "label": "fragrance"
        },
        {
          "name": "gift",
          "label": "gift"
        }
      ],
      [
        {
          "name": "perfume",
          "label": "fragrance > perfume"
        },
        {
          "name": "gifts for her",
          "label": "gift > gifts for her"
        },
        {
          "name": "luxury fragrance",
          "label": "fragrance > luxury fragrance"
        },
        {
          "name": "5* rated perfumes & aftershaves",
          "label": "fragrance > 5* rated perfumes & aftershaves"
        }
      ],
      [
        {
          "name": "all perfumes",
          "label": "fragrance > perfume > all perfumes"
        },
        {
          "name": "floral perfume",
          "label": "fragrance > perfume > floral perfume"
        },
        {
          "name": "all perfumes",
          "label": "gift > gifts for her > all perfumes"
        }
      ]
    ],
    "reviews": {
      "average": 4.77,
      "count": 226,
      "rounded": 4
    },
    "parent": {
      "product": "2631148",
      "partNumber": "10305624.P",
      "model": "10305624",
      "manufacturerModel": "8987602"
    },
    "images": {
      "thumbnail": "https://boots.scene7.com/is/image/Boots/10305624?wid=45&hei=60&op_sharpen=1"
    },
    "offers": [
      {
        "text": "Save up to 20 percent on selected fragrances"
      }
    ],
    "actions": {},
    "iconUri": "https://boots.scene7.com/is/image/Boots/10305624?op_sharpen=1",
    "title": "Valentino Born in Roma Donna Coral Fantasy Eau de Parfum 50ml",
    "referenceUri": "/valentino-born-in-roma-donna-coral-eau-de-parfum-50ml-10305624",
    "canAddToBasket": "yes",
    "opticians": false,
    "inStock": true,
    "expressDelivery": false,
    "hasOtherPromotion": true,
    "channelPromotionalTextMap": {
      "-1": [
        "Save up to 20 percent on selected fragrances"
      ],
      "-6": [
        "Save up to 20 percent on selected fragrances"
      ]
    },
    "adCardPoints": 240
  },
  {
    "_id": {
      "$oid": "65ec108d9884656b92f558f1"
    },
    "ppuQuantity": "40ML",
    "pricing": {
      "perUnit": "£95.00 per 100ML",
      "regular": {
        "value": 38,
        "currency": "GBP",
        "text": "£38.00"
      },
      "current": {
        "value": 38,
        "currency": "GBP",
        "text": "£38.00"
      }
    },
    "objectId": "2566050",
    "brand": "Kate Spade",
    "attributes": {
      "fragrance_scent": [
        "floral",
        "citrus"
      ],
      "size": "31-40",
      "StockOverrideMessage": "STOCK_COMING_SOON",
      "fragrance_type": "eau de parfum",
      "hasPriceAdvantageDeal": false,
      "Reporting_Category": "fragrance",
      "ProductReviewFlag": "1"
    },
    "variants": {
      "colours": [],
      "hasColours": false,
      "hasSizes": false
    },
    "categories": [
      [
        {
          "name": "fragrance",
          "label": "fragrance"
        },
        {
          "name": "gift",
          "label": "gift"
        }
      ],
      [
        {
          "name": "5* rated perfumes & aftershaves",
          "label": "fragrance > 5* rated perfumes & aftershaves"
        },
        {
          "name": "perfume",
          "label": "fragrance > perfume"
        },
        {
          "name": "gifts for her",
          "label": "gift > gifts for her"
        }
      ],
      [
        {
          "name": "all perfumes",
          "label": "fragrance > perfume > all perfumes"
        },
        {
          "name": "floral perfume",
          "label": "fragrance > perfume > floral perfume"
        },
        {
          "name": "all perfumes",
          "label": "gift > gifts for her > all perfumes"
        }
      ]
    ],
    "reviews": {
      "average": 4.75,
      "count": 278,
      "rounded": 4
    },
    "parent": {
      "product": "2566049",
      "partNumber": "10298552.P",
      "model": "10298552",
      "manufacturerModel": "4792300"
    },
    "images": {
      "thumbnail": "https://boots.scene7.com/is/image/Boots/10298552?wid=45&hei=60&op_sharpen=1"
    },
    "offers": [],
    "actions": {},
    "iconUri": "https://boots.scene7.com/is/image/Boots/10298552?op_sharpen=1",
    "title": "Kate Spade New York Eau de Parfum 40ml",
    "referenceUri": "/kate-spade-new-york-eau-de-parfum-40ml-10298552",
    "canAddToBasket": "yes",
    "opticians": false,
    "inStock": true,
    "expressDelivery": false,
    "hasOtherPromotion": false,
    "channelPromotionalTextMap": {
      "-1": [],
      "-6": []
    },
    "adCardPoints": 114
  },
  {
    "_id": {
      "$oid": "65ec108d9884656b92f558f2"
    },
    "ppuQuantity": "30ML",
    "pricing": {
      "perUnit": "£175.67 per 100ML",
      "regular": {
        "value": 62,
        "currency": "GBP",
        "text": "£62.00"
      },
      "current": {
        "value": 52.7,
        "currency": "GBP",
        "text": "£52.70"
      },
      "saving": {
        "value": 9.3,
        "currency": "GBP",
        "text": "£9.30"
      }
    },
    "objectId": "2504448",
    "brand": "Estee Lauder",
    "attributes": {
      "fragrance_scent": [
        "woody",
        "musk"
      ],
      "StockOverrideMessage": "STOCK_COMING_SOON",
      "format": "spray",
      "fragrance_type": "eau de parfum",
      "hasPriceAdvantageDeal": false,
      "Reporting_Category": "fragrance",
      "ProductReviewFlag": "1"
    },
    "variants": {
      "colours": [],
      "hasColours": false,
      "hasSizes": false
    },
    "categories": [
      [
        {
          "name": "fragrance",
          "label": "fragrance"
        },
        {
          "name": "gift",
          "label": "gift"
        }
      ],
      [
        {
          "name": "5* rated perfumes & aftershaves",
          "label": "fragrance > 5* rated perfumes & aftershaves"
        },
        {
          "name": "perfume",
          "label": "fragrance > perfume"
        },
        {
          "name": "gifts for her",
          "label": "gift > gifts for her"
        }
      ],
      [
        {
          "name": "all perfumes",
          "label": "fragrance > perfume > all perfumes"
        },
        {
          "name": "musky perfume",
          "label": "fragrance > perfume > musky perfume"
        },
        {
          "name": "all perfumes",
          "label": "gift > gifts for her > all perfumes"
        }
      ]
    ],
    "reviews": {
      "average": 4.75,
      "count": 7958,
      "rounded": 4
    },
    "parent": {
      "product": "2504447",
      "partNumber": "10292325.P",
      "model": "10292325",
      "manufacturerModel": "2811200"
    },
    "images": {
      "thumbnail": "https://boots.scene7.com/is/image/Boots/10292325?wid=45&hei=60&op_sharpen=1"
    },
    "offers": [
      {
        "text": "Save 15 percent on selected fragrance"
      }
    ],
    "actions": {},
    "iconUri": "https://boots.scene7.com/is/image/Boots/10292325?op_sharpen=1",
    "title": "Estée Lauder Beautiful Magnolia Eau de Parfum Spray 30ml",
    "referenceUri": "/estee-lauder-beautiful-magnolia-eau-de-parfum-spray-30ml-10292325",
    "canAddToBasket": "yes",
    "opticians": false,
    "inStock": true,
    "expressDelivery": false,
    "hasOtherPromotion": true,
    "channelPromotionalTextMap": {
      "-1": [
        "Save 15 percent on selected fragrance"
      ],
      "-6": [
        "Save 15 percent on selected fragrance"
      ]
    },
    "adCardPoints": 156
  },
  {
    "_id": {
      "$oid": "65ec108d9884656b92f558f3"
    },
    "ppuQuantity": "100ML",
    "pricing": {
      "perUnit": "£83.20 per 100ML",
      "regular": {
        "value": 104,
        "currency": "GBP",
        "text": "£104.00"
      },
      "current": {
        "value": 83.2,
        "currency": "GBP",
        "text": "£83.20"
      },
      "saving": {
        "value": 20.8,
        "currency": "GBP",
        "text": "£20.80"
      }
    },
    "objectId": "2504446",
    "brand": "Estee Lauder",
    "attributes": {
      "fragrance_scent": [
        "woody",
        "musk"
      ],
      "StockOverrideMessage": "STOCK_COMING_SOON",
      "format": "spray",
      "fragrance_type": "eau de parfum",
      "hasPriceAdvantageDeal": false,
      "Reporting_Category": "fragrance",
      "ProductReviewFlag": "1"
    },
    "variants": {
      "colours": [],
      "hasColours": false,
      "hasSizes": false
    },
    "categories": [
      [
        {
          "name": "beauty & skincare",
          "label": "beauty & skincare"
        },
        {
          "name": "fragrance",
          "label": "fragrance"
        },
        {
          "name": "gift",
          "label": "gift"
        }
      ],
      [
        {
          "name": "premium beauty & skincare",
          "label": "beauty & skincare > premium beauty & skincare"
        },
        {
          "name": "perfume",
          "label": "fragrance > perfume"
        },
        {
          "name": "recommended",
          "label": "fragrance > recommended"
        },
        {
          "name": "gifts for her",
          "label": "gift > gifts for her"
        }
      ],
      [
        {
          "name": "save up to 25% across selected premium beauty and No7",
          "label": "beauty & skincare > premium beauty & skincare > save up to 25% across selected premium beauty and No7"
        },
        {
          "name": "all perfumes",
          "label": "fragrance > perfume > all perfumes"
        },
        {
          "name": "musky perfume",
          "label": "fragrance > perfume > musky perfume"
        },
        {
          "name": "best summer fragrances",
          "label": "fragrance > recommended > best summer fragrances"
        },
        {
          "name": "all perfumes",
          "label": "gift > gifts for her > all perfumes"
        }
      ]
    ],
    "reviews": {
      "average": 4.75,
      "count": 7958,
      "rounded": 4
    },
    "parent": {
      "product": "2504445",
      "partNumber": "10292324.P",
      "model": "10292324",
      "manufacturerModel": "2810581"
    },
    "images": {
      "thumbnail": "https://boots.scene7.com/is/image/Boots/10292324?wid=45&hei=60&op_sharpen=1"
    },
    "offers": [
      {
        "text": "Save up to 25 percent across selected Premium Beauty"
      }
    ],
    "actions": {},
    "iconUri": "https://boots.scene7.com/is/image/Boots/10292324?op_sharpen=1",
    "title": "Estée Lauder Beautiful Magnolia Eau de Parfum Spray 100ml",
    "referenceUri": "/estee-lauder-beautiful-magnolia-eau-de-parfum-spray-100ml-10292324",
    "canAddToBasket": "yes",
    "opticians": false,
    "inStock": true,
    "expressDelivery": false,
    "hasOtherPromotion": true,
    "channelPromotionalTextMap": {
      "-1": [
        "Save up to 25 percent across selected Premium Beauty"
      ],
      "-6": [
        "Save up to 25 percent across selected Premium Beauty"
      ]
    },
    "adCardPoints": 249
  },
  {
    "_id": {
      "$oid": "65ec108d9884656b92f558f4"
    },
    "ppuQuantity": "50ML",
    "pricing": {
      "perUnit": "£141.10 per 100ML",
      "regular": {
        "value": 83,
        "currency": "GBP",
        "text": "£83.00"
      },
      "current": {
        "value": 70.55,
        "currency": "GBP",
        "text": "£70.55"
      },
      "saving": {
        "value": 12.45,
        "currency": "GBP",
        "text": "£12.45"
      }
    },
    "objectId": "2504444",
    "brand": "Estee Lauder",
    "attributes": {
      "fragrance_scent": [
        "musk",
        "woody"
      ],
      "StockOverrideMessage": "STOCK_COMING_SOON",
      "fragrance_type": "eau de parfum",
      "format": "spray",
      "hasPriceAdvantageDeal": false,
      "Reporting_Category": "fragrance",
      "gift_type": "fragrance gifts",
      "ProductReviewFlag": "1"
    },
    "variants": {
      "colours": [],
      "hasColours": false,
      "hasSizes": false
    },
    "categories": [
      [
        {
          "name": "fragrance",
          "label": "fragrance"
        },
        {
          "name": "gift",
          "label": "gift"
        }
      ],
      [
        {
          "name": "recommended",
          "label": "fragrance > recommended"
        },
        {
          "name": "perfume",
          "label": "fragrance > perfume"
        },
        {
          "name": "gifts for her",
          "label": "gift > gifts for her"
        }
      ],
      [
        {
          "name": "all perfumes",
          "label": "fragrance > perfume > all perfumes"
        },
        {
          "name": "musky perfume",
          "label": "fragrance > perfume > musky perfume"
        },
        {
          "name": "best summer fragrances",
          "label": "fragrance > recommended > best summer fragrances"
        },
        {
          "name": "all perfumes",
          "label": "gift > gifts for her > all perfumes"
        }
      ]
    ],
    "reviews": {
      "average": 4.75,
      "count": 7958,
      "rounded": 4
    },
    "parent": {
      "product": "2504443",
      "partNumber": "10292323.P",
      "model": "10292323",
      "manufacturerModel": "2810565"
    },
    "images": {
      "thumbnail": "https://boots.scene7.com/is/image/Boots/10292323?wid=45&hei=60&op_sharpen=1"
    },
    "offers": [
      {
        "text": "Save 15 percent on selected fragrance"
      }
    ],
    "actions": {},
    "iconUri": "https://boots.scene7.com/is/image/Boots/10292323?op_sharpen=1",
    "title": "Estée Lauder Beautiful Magnolia Eau de Parfum Spray 50ml",
    "referenceUri": "/estee-lauder-beautiful-magnolia-eau-de-parfum-spray-50ml-10292323",
    "canAddToBasket": "yes",
    "opticians": false,
    "inStock": true,
    "expressDelivery": false,
    "hasOtherPromotion": true,
    "channelPromotionalTextMap": {
      "-1": [
        "Save 15 percent on selected fragrance"
      ],
      "-6": [
        "Save 15 percent on selected fragrance"
      ]
    },
    "adCardPoints": 210
  },
  {
    "_id": {
      "$oid": "65ec108d9884656b92f558f5"
    },
    "ppuQuantity": "100ML",
    "pricing": {
      "perUnit": "£94.00 per 100ML",
      "regular": {
        "value": 94,
        "currency": "GBP",
        "text": "£94.00"
      },
      "current": {
        "value": 94,
        "currency": "GBP",
        "text": "£94.00"
      }
    },
    "objectId": "2713743",
    "brand": "Jimmy Choo",
    "attributes": {
      "fragrance_scent": "chypre",
      "StockOverrideMessage": "STOCK_COMING_SOON",
      "gender": "womens",
      "size": "71-100",
      "fragrance_type": "eau de parfum",
      "hasPriceAdvantageDeal": false,
      "ProductReviewFlag": "1"
    },
    "variants": {
      "colours": [],
      "hasColours": false,
      "hasSizes": false
    },
    "categories": [
      [
        {
          "name": "fragrance",
          "label": "fragrance"
        },
        {
          "name": "gift",
          "label": "gift"
        }
      ],
      [
        {
          "name": "5* rated perfumes & aftershaves",
          "label": "fragrance > 5* rated perfumes & aftershaves"
        },
        {
          "name": "perfume",
          "label": "fragrance > perfume"
        },
        {
          "name": "gifts for her",
          "label": "gift > gifts for her"
        },
        {
          "name": "luxury fragrance",
          "label": "fragrance > luxury fragrance"
        }
      ],
      [
        {
          "name": "all perfumes",
          "label": "fragrance > perfume > all perfumes"
        },
        {
          "name": "all perfumes",
          "label": "gift > gifts for her > all perfumes"
        }
      ]
    ],
    "reviews": {
      "average": 4.71,
      "count": 2599,
      "rounded": 4
    },
    "parent": {
      "product": "2713742",
      "partNumber": "10316828.P",
      "model": "10316828",
      "manufacturerModel": "3902226"
    },
    "images": {
      "thumbnail": "https://boots.scene7.com/is/image/Boots/10316828?wid=45&hei=60&op_sharpen=1"
    },
    "offers": [
      {
        "text": "Free gift when you buy selected Jimmy Choo fragrances - online only, whilst stocks last"
      },
      {
        "text": "Free gift when you buy selected Jimmy Choo fragrances - online only, whilst stocks last"
      }
    ],
    "actions": {},
    "iconUri": "https://boots.scene7.com/is/image/Boots/10316828?op_sharpen=1",
    "title": "Jimmy Choo I Want Choo Forever Eau de Parfum 100ml",
    "referenceUri": "/i-want-choo-forever-eau-de-parfum-100ml-10316828p",
    "canAddToBasket": "yes",
    "opticians": false,
    "inStock": true,
    "expressDelivery": false,
    "hasOtherPromotion": true,
    "channelPromotionalTextMap": {
      "-1": [
        "Free gift when you buy selected Jimmy Choo fragrances - online only, whilst stocks last",
        "Free gift when you buy selected Jimmy Choo fragrances - online only, whilst stocks last"
      ],
      "-6": [
        "Free gift when you buy selected Jimmy Choo fragrances - online only, whilst stocks last",
        "Free gift when you buy selected Jimmy Choo fragrances - online only, whilst stocks last"
      ]
    },
    "adCardPoints": 282
  },
  {
    "_id": {
      "$oid": "65ec108d9884656b92f558f6"
    },
    "ppuQuantity": "50ML",
    "pricing": {
      "perUnit": "£161.50 per 100ML",
      "regular": {
        "value": 95,
        "currency": "GBP",
        "text": "£95.00"
      },
      "current": {
        "value": 80.75,
        "currency": "GBP",
        "text": "£80.75"
      },
      "saving": {
        "value": 14.25,
        "currency": "GBP",
        "text": "£14.25"
      }
    },
    "objectId": "2486453",
    "brand": "Valentino",
    "attributes": {
      "fragrance_scent": "floral",
      "StockOverrideMessage": "STOCK_COMING_SOON",
      "size": "41-50",
      "gender": "womens",
      "format": "spray",
      "fragrance_type": "eau de parfum",
      "hasPriceAdvantageDeal": false,
      "Reporting_Category": "fragrance",
      "ProductReviewFlag": "1"
    },
    "variants": {
      "colours": [],
      "hasColours": false,
      "hasSizes": false
    },
    "categories": [
      [
        {
          "name": "fragrance",
          "label": "fragrance"
        },
        {
          "name": "gift",
          "label": "gift"
        }
      ],
      [
        {
          "name": "5* rated perfumes & aftershaves",
          "label": "fragrance > 5* rated perfumes & aftershaves"
        },
        {
          "name": "perfume",
          "label": "fragrance > perfume"
        },
        {
          "name": "gifts for her",
          "label": "gift > gifts for her"
        },
        {
          "name": "luxury fragrance",
          "label": "fragrance > luxury fragrance"
        }
      ],
      [
        {
          "name": "all perfumes",
          "label": "fragrance > perfume > all perfumes"
        },
        {
          "name": "floral perfume",
          "label": "fragrance > perfume > floral perfume"
        },
        {
          "name": "all perfumes",
          "label": "gift > gifts for her > all perfumes"
        }
      ]
    ],
    "reviews": {
      "average": 4.71,
      "count": 1075,
      "rounded": 4
    },
    "parent": {
      "product": "2486452",
      "partNumber": "10290573.P",
      "model": "10290573",
      "manufacturerModel": "2211459"
    },
    "images": {
      "thumbnail": "https://boots.scene7.com/is/image/Boots/10290573?wid=45&hei=60&op_sharpen=1"
    },
    "offers": [
      {
        "text": "Save up to 20 percent on selected fragrances"
      }
    ],
    "actions": {},
    "iconUri": "https://boots.scene7.com/is/image/Boots/10290573?op_sharpen=1",
    "title": "Valentino Born in Roma Yellow Dream For Her Eau de Parfum 50ml",
    "referenceUri": "/valentino-born-in-roma-yellow-dream-for-her-eau-de-parfum-50ml-10290573",
    "canAddToBasket": "yes",
    "opticians": false,
    "inStock": true,
    "expressDelivery": false,
    "hasOtherPromotion": true,
    "channelPromotionalTextMap": {
      "-1": [
        "Save up to 20 percent on selected fragrances"
      ],
      "-6": [
        "Save up to 20 percent on selected fragrances"
      ]
    },
    "adCardPoints": 240
  },
  {
    "_id": {
      "$oid": "65ec108d9884656b92f558f7"
    },
    "ppuQuantity": "100ML",
    "pricing": {
      "perUnit": "£71.00 per 100ML",
      "regular": {
        "value": 71,
        "currency": "GBP",
        "text": "£71.00"
      },
      "current": {
        "value": 71,
        "currency": "GBP",
        "text": "£71.00"
      }
    },
    "objectId": "2650672",
    "brand": "Jimmy Choo",
    "attributes": {
      "fragrance_scent": [
        "woody",
        "amber"
      ],
      "StockOverrideMessage": "STOCK_COMING_SOON",
      "size": "71-100",
      "gender": "mens",
      "fragrance_type": "eau de toilette",
      "hasPriceAdvantageDeal": false,
      "Reporting_Category": "fragrance",
      "ProductReviewFlag": "1"
    },
    "variants": {
      "colours": [],
      "hasColours": false,
      "hasSizes": false
    },
    "categories": [
      [
        {
          "name": "fragrance",
          "label": "fragrance"
        },
        {
          "name": "toiletries",
          "label": "toiletries"
        },
        {
          "name": "men's",
          "label": "men's"
        },
        {
          "name": "gift",
          "label": "gift"
        }
      ],
      [
        {
          "name": "5* rated perfumes & aftershaves",
          "label": "fragrance > 5* rated perfumes & aftershaves"
        },
        {
          "name": "men's toiletries",
          "label": "toiletries > men's toiletries"
        },
        {
          "name": "men's toiletries",
          "label": "men's > men's toiletries"
        },
        {
          "name": "perfume",
          "label": "fragrance > perfume"
        },
        {
          "name": "aftershave",
          "label": "fragrance > aftershave"
        },
        {
          "name": "gifts for him",
          "label": "gift > gifts for him"
        },
        {
          "name": "gifts for her",
          "label": "gift > gifts for her"
        },
        {
          "name": "aftershave",
          "label": "men's > aftershave"
        },
        {
          "name": "fragrance offers",
          "label": "fragrance > fragrance offers"
        },
        {
          "name": "luxury fragrance",
          "label": "fragrance > luxury fragrance"
        }
      ],
      [
        {
          "name": "aftershave",
          "label": "toiletries > men's toiletries > aftershave"
        },
        {
          "name": "aftershave",
          "label": "men's > men's toiletries > aftershave"
        },
        {
          "name": "all perfumes",
          "label": "fragrance > perfume > all perfumes"
        },
        {
          "name": "amber perfume",
          "label": "fragrance > perfume > amber perfume"
        },
        {
          "name": "all aftershave",
          "label": "fragrance > aftershave > all aftershave"
        },
        {
          "name": "all aftershave",
          "label": "gift > gifts for him > all aftershave"
        },
        {
          "name": "all perfumes",
          "label": "gift > gifts for her > all perfumes"
        },
        {
          "name": "all aftershave",
          "label": "men's > aftershave > all aftershave"
        }
      ],
      [
        {
          "name": "all aftershave",
          "label": "toiletries > men's toiletries > aftershave > all aftershave"
        },
        {
          "name": "all aftershave",
          "label": "men's > men's toiletries > aftershave > all aftershave"
        }
      ]
    ],
    "reviews": {
      "average": 4.69,
      "count": 489,
      "rounded": 4
    },
    "parent": {
      "product": "2650671",
      "partNumber": "10308211.P",
      "model": "10308211",
      "manufacturerModel": "1127233"
    },
    "images": {
      "thumbnail": "https://boots.scene7.com/is/image/Boots/10308211?wid=45&hei=60&op_sharpen=1"
    },
    "offers": [],
    "actions": {},
    "iconUri": "https://boots.scene7.com/is/image/Boots/10308211?op_sharpen=1",
    "title": "Jimmy Choo Man Aqua Eau de Toilette 100ml",
    "referenceUri": "/jimmy-choo-man-aqua-eau-de-toilette-100ml-10308211",
    "canAddToBasket": "yes",
    "opticians": false,
    "inStock": true,
    "expressDelivery": false,
    "hasOtherPromotion": false,
    "channelPromotionalTextMap": {
      "-1": [],
      "-6": []
    },
    "adCardPoints": 213
  },
  {
    "_id": {
      "$oid": "65ec108d9884656b92f558f8"
    },
    "ppuQuantity": "100ML",
    "pricing": {
      "perUnit": "£88.40 per 100ML",
      "regular": {
        "value": 104,
        "currency": "GBP",
        "text": "£104.00"
      },
      "current": {
        "value": 88.4,
        "currency": "GBP",
        "text": "£88.40"
      },
      "saving": {
        "value": 15.6,
        "currency": "GBP",
        "text": "£15.60"
      }
    },
    "objectId": "2871595",
    "brand": "Jean Paul Gaultier",
    "attributes": {
      "fragrance_scent": [
        "woody",
        "citrus"
      ],
      "size": "101-150",
      "StockOverrideMessage": "STOCK_COMING_SOON",
      "fragrance_type": "eau de toilette",
      "hasPriceAdvantageDeal": false,
      "ProductReviewFlag": "1"
    },
    "variants": {
      "colours": [],
      "hasColours": false,
      "hasSizes": false
    },
    "categories": [
      [
        {
          "name": "new in",
          "label": "new in"
        },
        {
          "name": "toiletries",
          "label": "toiletries"
        },
        {
          "name": "men's",
          "label": "men's"
        },
        {
          "name": "fragrance",
          "label": "fragrance"
        },
        {
          "name": "gift",
          "label": "gift"
        }
      ],
      [
        {
          "name": "new in fragrance",
          "label": "new in > new in fragrance"
        },
        {
          "name": "men's toiletries",
          "label": "toiletries > men's toiletries"
        },
        {
          "name": "men's toiletries",
          "label": "men's > men's toiletries"
        },
        {
          "name": "perfume",
          "label": "fragrance > perfume"
        },
        {
          "name": "aftershave",
          "label": "fragrance > aftershave"
        },
        {
          "name": "gifts for her",
          "label": "gift > gifts for her"
        },
        {
          "name": "aftershave",
          "label": "men's > aftershave"
        },
        {
          "name": "luxury fragrance",
          "label": "fragrance > luxury fragrance"
        },
        {
          "name": "new in fragrance",
          "label": "fragrance > new in fragrance"
        },
        {
          "name": "brands",
          "label": "fragrance > brands"
        }
      ],
      [
        {
          "name": "aftershave",
          "label": "toiletries > men's toiletries > aftershave"
        },
        {
          "name": "aftershave",
          "label": "men's > men's toiletries > aftershave"
        },
        {
          "name": "all perfumes",
          "label": "fragrance > perfume > all perfumes"
        },
        {
          "name": "woody aftershave",
          "label": "fragrance > aftershave > woody aftershave"
        },
        {
          "name": "all perfumes",
          "label": "gift > gifts for her > all perfumes"
        },
        {
          "name": "woody aftershave",
          "label": "men's > aftershave > woody aftershave"
        }
      ],
      [
        {
          "name": "woody aftershave",
          "label": "toiletries > men's toiletries > aftershave > woody aftershave"
        },
        {
          "name": "woody aftershave",
          "label": "men's > men's toiletries > aftershave > woody aftershave"
        }
      ]
    ],
    "reviews": {
      "average": 4.68,
      "count": 59,
      "rounded": 4
    },
    "parent": {
      "product": "2871594",
      "partNumber": "10333288.P",
      "model": "10333288",
      "manufacturerModel": "5766982"
    },
    "images": {
      "thumbnail": "https://boots.scene7.com/is/image/Boots/10333288?wid=45&hei=60&op_sharpen=1"
    },
    "offers": [
      {
        "text": "Save up to 20 percent on selected fragrances"
      }
    ],
    "actions": {},
    "iconUri": "https://boots.scene7.com/is/image/Boots/10333288?op_sharpen=1",
    "title": "Jean Paul Gaultier Classique Pride Eau de Toilette 100ml",
    "referenceUri": "/jean-paul-gaultier-classique-pride-eau-de-toilette-100ml-10333288",
    "canAddToBasket": "yes",
    "opticians": false,
    "inStock": true,
    "expressDelivery": false,
    "hasOtherPromotion": true,
    "channelPromotionalTextMap": {
      "-1": [
        "Save up to 20 percent on selected fragrances"
      ],
      "-6": [
        "Save up to 20 percent on selected fragrances"
      ]
    },
    "adCardPoints": 264
  },
  {
    "_id": {
      "$oid": "65ec108d9884656b92f558f9"
    },
    "ppuQuantity": "50ML",
    "pricing": {
      "perUnit": "£61.20 per 100ML",
      "regular": {
        "value": 36,
        "currency": "GBP",
        "text": "£36.00"
      },
      "current": {
        "value": 30.6,
        "currency": "GBP",
        "text": "£30.60"
      },
      "saving": {
        "value": 5.4,
        "currency": "GBP",
        "text": "£5.40"
      }
    },
    "objectId": "23205",
    "brand": "Britney Spears",
    "attributes": {
      "fragrance_scent": [
        "sweet",
        "amber",
        "jasmine",
        "musk",
        "fruity"
      ],
      "StockOverrideMessage": "STOCK_COMING_SOON",
      "gender": "womens",
      "size": "41-50",
      "Size": [
        "50ml",
        "50 ml"
      ],
      "parentCategory_UK": "33071",
      "fragrance_type": "eau de parfum",
      "hasPriceAdvantageDeal": false,
      "Reporting_Category": "fragrance",
      "ProductReviewFlag": "1"
    },
    "variants": {
      "colours": [],
      "hasColours": false,
      "hasSizes": false
    },
    "categories": [
      [
        {
          "name": "fragrance",
          "label": "fragrance"
        },
        {
          "name": "gift",
          "label": "gift"
        }
      ],
      [
        {
          "name": "5* rated perfumes & aftershaves",
          "label": "fragrance > 5* rated perfumes & aftershaves"
        },
        {
          "name": "perfume",
          "label": "fragrance > perfume"
        },
        {
          "name": "fragrance offers",
          "label": "fragrance > fragrance offers"
        },
        {
          "name": "gifts for her",
          "label": "gift > gifts for her"
        },
        {
          "name": "celebrity fragrance",
          "label": "fragrance > celebrity fragrance"
        }
      ],
      [
        {
          "name": "all perfumes",
          "label": "fragrance > perfume > all perfumes"
        },
        {
          "name": "musky perfume",
          "label": "fragrance > perfume > musky perfume"
        },
        {
          "name": "amber perfume",
          "label": "fragrance > perfume > amber perfume"
        },
        {
          "name": "save up to 20% on fragrance",
          "label": "fragrance > fragrance offers > save up to 20% on fragrance"
        },
        {
          "name": "black friday fragrance offers",
          "label": "fragrance > fragrance offers > black friday fragrance offers"
        },
        {
          "name": "all perfumes",
          "label": "gift > gifts for her > all perfumes"
        }
      ]
    ],
    "reviews": {
      "average": 4.68,
      "count": 255,
      "rounded": 4
    },
    "parent": {
      "product": "23204",
      "partNumber": "10051156.P",
      "model": "10051156",
      "manufacturerModel": "2125765"
    },
    "images": {
      "thumbnail": "https://boots.scene7.com/is/image/Boots/10051156?wid=45&hei=60&op_sharpen=1"
    },
    "offers": [
      {
        "text": "Save up to 20 percent on selected fragrances"
      }
    ],
    "actions": {},
    "iconUri": "https://boots.scene7.com/is/image/Boots/10051156?op_sharpen=1",
    "title": "Britney Spears Fantasy Eau de Parfum 50ml",
    "referenceUri": "/britney-spears-fantasy-eau-de-parfum-50ml-10051156",
    "canAddToBasket": "yes",
    "opticians": false,
    "inStock": true,
    "expressDelivery": false,
    "hasOtherPromotion": true,
    "channelPromotionalTextMap": {
      "-1": [
        "Save up to 20 percent on selected fragrances"
      ],
      "-6": [
        "Save up to 20 percent on selected fragrances"
      ]
    },
    "adCardPoints": 90
  },
  {
    "_id": {
      "$oid": "65ec108d9884656b92f558fa"
    },
    "ppuQuantity": "90ML",
    "pricing": {
      "perUnit": "£122.78 per 100ML",
      "regular": {
        "value": 130,
        "currency": "GBP",
        "text": "£130.00"
      },
      "current": {
        "value": 110.5,
        "currency": "GBP",
        "text": "£110.50"
      },
      "saving": {
        "value": 19.5,
        "currency": "GBP",
        "text": "£19.50"
      }
    },
    "objectId": "2392071",
    "brand": "Giorgio Armani",
    "attributes": {
      "fragrance_scent": [
        "floral",
        "citrus",
        "jasmine",
        "vanilla",
        "musk",
        "woody"
      ],
      "StockOverrideMessage": "STOCK_COMING_SOON",
      "size": "71-100",
      "gender": "womens",
      "fragrance_type": "eau de parfum",
      "recipient": "gifts for women",
      "hasPriceAdvantageDeal": false,
      "Reporting_Category": "fragrance",
      "gift_type": "fragrance gifts",
      "ProductReviewFlag": "1"
    },
    "variants": {
      "colours": [],
      "hasColours": false,
      "hasSizes": false
    },
    "categories": [
      [
        {
          "name": "gift",
          "label": "gift"
        },
        {
          "name": "fragrance",
          "label": "fragrance"
        },
        {
          "name": "wellness",
          "label": "wellness"
        }
      ],
      [
        {
          "name": "luxury gifts",
          "label": "gift > luxury gifts"
        },
        {
          "name": "perfume",
          "label": "fragrance > perfume"
        },
        {
          "name": "fragrance offers",
          "label": "fragrance > fragrance offers"
        },
        {
          "name": "gifts for her",
          "label": "gift > gifts for her"
        },
        {
          "name": "sustainability at Boots",
          "label": "wellness > sustainability at Boots"
        },
        {
          "name": "5* rated perfumes & aftershaves",
          "label": "fragrance > 5* rated perfumes & aftershaves"
        },
        {
          "name": "Eid gifts",
          "label": "gift > Eid gifts"
        }
      ],
      [
        {
          "name": "all perfumes",
          "label": "fragrance > perfume > all perfumes"
        },
        {
          "name": "vanilla perfume",
          "label": "fragrance > perfume > vanilla perfume"
        },
        {
          "name": "musky perfume",
          "label": "fragrance > perfume > musky perfume"
        },
        {
          "name": "floral perfume",
          "label": "fragrance > perfume > floral perfume"
        },
        {
          "name": "perfume refill bottles",
          "label": "fragrance > perfume > perfume refill bottles"
        },
        {
          "name": "personalise your perfect gift",
          "label": "fragrance > fragrance offers > personalise your perfect gift"
        },
        {
          "name": "all perfumes",
          "label": "gift > gifts for her > all perfumes"
        },
        {
          "name": "reuse ready",
          "label": "wellness > sustainability at Boots > reuse ready"
        }
      ]
    ],
    "reviews": {
      "average": 4.66,
      "count": 8780,
      "rounded": 4
    },
    "parent": {
      "product": "2392070",
      "partNumber": "10279633.P",
      "model": "10279633",
      "manufacturerModel": "8854203"
    },
    "images": {
      "thumbnail": "https://boots.scene7.com/is/image/Boots/10279633?wid=45&hei=60&op_sharpen=1"
    },
    "offers": [
      {
        "text": "Save up to 20 percent on selected fragrances"
      }
    ],
    "actions": {},
    "iconUri": "https://boots.scene7.com/is/image/Boots/10279633?op_sharpen=1",
    "title": "Giorgio Armani My Way Eau de Parfum 90ml Refillable",
    "referenceUri": "/giorgio-armani-my-way-eau-de-parfum-90ml-refillable-10279633",
    "canAddToBasket": "yes",
    "opticians": false,
    "inStock": true,
    "expressDelivery": false,
    "hasOtherPromotion": true,
    "channelPromotionalTextMap": {
      "-1": [
        "Save up to 20 percent on selected fragrances"
      ],
      "-6": [
        "Save up to 20 percent on selected fragrances"
      ]
    },
    "adCardPoints": 330
  },
  {
    "_id": {
      "$oid": "65ec108d9884656b92f558fb"
    },
    "ppuQuantity": "90ML",
    "pricing": {
      "perUnit": "£114.67 per 100ML",
      "regular": {
        "value": 129,
        "currency": "GBP",
        "text": "£129.00"
      },
      "current": {
        "value": 103.2,
        "currency": "GBP",
        "text": "£103.20"
      },
      "saving": {
        "value": 25.8,
        "currency": "GBP",
        "text": "£25.80"
      }
    },
    "objectId": "2477493",
    "brand": "Tiffany",
    "attributes": {
      "fragrance_scent": "floral",
      "size": "71-100",
      "gender": "womens",
      "StockOverrideMessage": "STOCK_COMING_SOON",
      "format": "spray",
      "fragrance_type": "eau de parfum",
      "hasPriceAdvantageDeal": false,
      "Reporting_Category": "fragrance",
      "ProductReviewFlag": "1"
    },
    "variants": {
      "colours": [],
      "hasColours": false,
      "hasSizes": false
    },
    "categories": [
      [
        {
          "name": "fragrance",
          "label": "fragrance"
        },
        {
          "name": "gift",
          "label": "gift"
        }
      ],
      [
        {
          "name": "5* rated perfumes & aftershaves",
          "label": "fragrance > 5* rated perfumes & aftershaves"
        },
        {
          "name": "perfume",
          "label": "fragrance > perfume"
        },
        {
          "name": "gifts for her",
          "label": "gift > gifts for her"
        },
        {
          "name": "fragrance offers",
          "label": "fragrance > fragrance offers"
        },
        {
          "name": "luxury fragrance",
          "label": "fragrance > luxury fragrance"
        }
      ],
      [
        {
          "name": "all perfumes",
          "label": "fragrance > perfume > all perfumes"
        },
        {
          "name": "floral perfume",
          "label": "fragrance > perfume > floral perfume"
        },
        {
          "name": "all perfumes",
          "label": "gift > gifts for her > all perfumes"
        }
      ]
    ],
    "reviews": {
      "average": 4.64,
      "count": 358,
      "rounded": 4
    },
    "parent": {
      "product": "2477492",
      "partNumber": "10290113.P",
      "model": "10290113",
      "manufacturerModel": "2081571"
    },
    "images": {
      "thumbnail": "https://boots.scene7.com/is/image/Boots/10290113?wid=45&hei=60&op_sharpen=1"
    },
    "offers": [
      {
        "text": "Save up to 20 percent on selected fragrances"
      }
    ],
    "actions": {},
    "iconUri": "https://boots.scene7.com/is/image/Boots/10290113?op_sharpen=1",
    "title": "Tiffany & Love for Her 90ml Eau de Parfum",
    "referenceUri": "/tiffany-love-her-90ml-edp-10290113",
    "canAddToBasket": "yes",
    "opticians": false,
    "inStock": true,
    "expressDelivery": false,
    "hasOtherPromotion": true,
    "channelPromotionalTextMap": {
      "-1": [
        "Save up to 20 percent on selected fragrances"
      ],
      "-6": [
        "Save up to 20 percent on selected fragrances"
      ]
    },
    "adCardPoints": 309
  },
  {
    "_id": {
      "$oid": "65ec108d9884656b92f558fc"
    },
    "ppuQuantity": "50ML",
    "pricing": {
      "perUnit": "£164.90 per 100ML",
      "regular": {
        "value": 97,
        "currency": "GBP",
        "text": "£97.00"
      },
      "current": {
        "value": 82.45,
        "currency": "GBP",
        "text": "£82.45"
      },
      "saving": {
        "value": 14.55,
        "currency": "GBP",
        "text": "£14.55"
      }
    },
    "objectId": "2631137",
    "brand": "Christian Dior",
    "attributes": {
      "fragrance_scent": "floral",
      "StockOverrideMessage": "STOCK_COMING_SOON",
      "gender": "womens",
      "fragrance_type": "parfum",
      "hasPriceAdvantageDeal": false,
      "ProductReviewFlag": "1"
    },
    "variants": {
      "colours": [],
      "hasColours": false,
      "hasSizes": false
    },
    "categories": [
      [
        {
          "name": "fragrance",
          "label": "fragrance"
        },
        {
          "name": "gift",
          "label": "gift"
        }
      ],
      [
        {
          "name": "5* rated perfumes & aftershaves",
          "label": "fragrance > 5* rated perfumes & aftershaves"
        },
        {
          "name": "perfume",
          "label": "fragrance > perfume"
        },
        {
          "name": "gifts for her",
          "label": "gift > gifts for her"
        },
        {
          "name": "luxury fragrance",
          "label": "fragrance > luxury fragrance"
        },
        {
          "name": "brands",
          "label": "fragrance > brands"
        }
      ],
      [
        {
          "name": "all perfumes",
          "label": "fragrance > perfume > all perfumes"
        },
        {
          "name": "all perfumes",
          "label": "gift > gifts for her > all perfumes"
        }
      ]
    ],
    "reviews": {
      "average": 4.63,
      "count": 3405,
      "rounded": 4
    },
    "parent": {
      "product": "2631136",
      "partNumber": "10305618.P",
      "model": "10305618",
      "manufacturerModel": "8987513"
    },
    "images": {
      "thumbnail": "https://boots.scene7.com/is/image/Boots/10305618?wid=45&hei=60&op_sharpen=1"
    },
    "offers": [
      {
        "text": "Save up to 20 percent on selected fragrances"
      }
    ],
    "actions": {},
    "iconUri": "https://boots.scene7.com/is/image/Boots/10305618?op_sharpen=1",
    "title": "DIOR J'adore Parfum d'Eau 50ml",
    "referenceUri": "/dior-jadore-parfum-deau-50ml-10305618",
    "canAddToBasket": "yes",
    "opticians": false,
    "inStock": true,
    "expressDelivery": false,
    "hasOtherPromotion": true,
    "channelPromotionalTextMap": {
      "-1": [
        "Save up to 20 percent on selected fragrances"
      ],
      "-6": [
        "Save up to 20 percent on selected fragrances"
      ]
    },
    "adCardPoints": 246
  },
  {
    "_id": {
      "$oid": "65ec108d9884656b92f558fd"
    },
    "ppuQuantity": "80ML",
    "pricing": {
      "perUnit": "£109.00 per 100ML",
      "regular": {
        "value": 109,
        "currency": "GBP",
        "text": "£109.00"
      },
      "current": {
        "value": 87.2,
        "currency": "GBP",
        "text": "£87.20"
      },
      "saving": {
        "value": 21.8,
        "currency": "GBP",
        "text": "£21.80"
      }
    },
    "objectId": "2414448",
    "brand": "Hugo Boss",
    "attributes": {
      "fragrance_scent": [
        "fruity",
        "vanilla",
        "woody"
      ],
      "StockOverrideMessage": "STOCK_COMING_SOON",
      "gender": "womens",
      "size": "71-100",
      "fragrance_type": "eau de parfum",
      "hasPriceAdvantageDeal": false,
      "Reporting_Category": "fragrance",
      "ProductReviewFlag": "1"
    },
    "variants": {
      "colours": [],
      "hasColours": false,
      "hasSizes": false
    },
    "categories": [
      [
        {
          "name": "fragrance",
          "label": "fragrance"
        },
        {
          "name": "gift",
          "label": "gift"
        }
      ],
      [
        {
          "name": "recommended",
          "label": "fragrance > recommended"
        },
        {
          "name": "perfume",
          "label": "fragrance > perfume"
        },
        {
          "name": "gifts for her",
          "label": "gift > gifts for her"
        },
        {
          "name": "5* rated perfumes & aftershaves",
          "label": "fragrance > 5* rated perfumes & aftershaves"
        }
      ],
      [
        {
          "name": "all perfumes",
          "label": "fragrance > perfume > all perfumes"
        },
        {
          "name": "vanilla perfume",
          "label": "fragrance > perfume > vanilla perfume"
        },
        {
          "name": "trending fragrance",
          "label": "fragrance > recommended > trending fragrance"
        },
        {
          "name": "all perfumes",
          "label": "gift > gifts for her > all perfumes"
        }
      ]
    ],
    "reviews": {
      "average": 4.63,
      "count": 75,
      "rounded": 4
    },
    "parent": {
      "product": "2414447",
      "partNumber": "10282295.P",
      "model": "10282295",
      "manufacturerModel": "8860912"
    },
    "images": {
      "thumbnail": "https://boots.scene7.com/is/image/Boots/10282295?wid=45&hei=60&op_sharpen=1"
    },
    "offers": [
      {
        "text": "Save up to 20 percent on selected fragrances"
      }
    ],
    "actions": {},
    "iconUri": "https://boots.scene7.com/is/image/Boots/10282295?op_sharpen=1",
    "title": "BOSS Alive Eau de Parfum For Her 80ml",
    "referenceUri": "/boss-alive-80ml-10282295",
    "canAddToBasket": "yes",
    "opticians": false,
    "inStock": true,
    "expressDelivery": false,
    "hasOtherPromotion": true,
    "channelPromotionalTextMap": {
      "-1": [
        "Save up to 20 percent on selected fragrances"
      ],
      "-6": [
        "Save up to 20 percent on selected fragrances"
      ]
    },
    "adCardPoints": 261
  },
  {
    "_id": {
      "$oid": "65ec108d9884656b92f558fe"
    },
    "ppuQuantity": "50ML",
    "pricing": {
      "perUnit": "£80.00 per 100ML",
      "regular": {
        "value": 40,
        "currency": "GBP",
        "text": "£40.00"
      },
      "current": {
        "value": 40,
        "currency": "GBP",
        "text": "£40.00"
      }
    },
    "objectId": "1885624",
    "brand": "Ariana Grande",
    "attributes": {
      "fragrance_scent": "sweet",
      "StockOverrideMessage": "STOCK_COMING_SOON",
      "size": "41-50",
      "gender": "womens",
      "parentCategory_UK": "33071",
      "fragrance_type": "eau de parfum",
      "hasPriceAdvantageDeal": false,
      "Reporting_Category": "fragrance",
      "ProductReviewFlag": "1"
    },
    "variants": {
      "colours": [],
      "hasColours": false,
      "hasSizes": false
    },
    "categories": [
      [
        {
          "name": "fragrance",
          "label": "fragrance"
        },
        {
          "name": "gift",
          "label": "gift"
        }
      ],
      [
        {
          "name": "5* rated perfumes & aftershaves",
          "label": "fragrance > 5* rated perfumes & aftershaves"
        },
        {
          "name": "perfume",
          "label": "fragrance > perfume"
        },
        {
          "name": "gifts for her",
          "label": "gift > gifts for her"
        },
        {
          "name": "celebrity fragrance",
          "label": "fragrance > celebrity fragrance"
        }
      ],
      [
        {
          "name": "all perfumes",
          "label": "fragrance > perfume > all perfumes"
        },
        {
          "name": "all perfumes",
          "label": "gift > gifts for her > all perfumes"
        }
      ]
    ],
    "reviews": {
      "average": 4.63,
      "count": 57,
      "rounded": 4
    },
    "parent": {
      "product": "1885623",
      "partNumber": "10220704.P",
      "model": "10220704",
      "manufacturerModel": "6670814"
    },
    "images": {
      "thumbnail": "https://boots.scene7.com/is/image/Boots/10220704?wid=45&hei=60&op_sharpen=1"
    },
    "offers": [],
    "actions": {},
    "iconUri": "https://boots.scene7.com/is/image/Boots/10220704?op_sharpen=1",
    "title": "Sweet Like Candy by Ariana Grande Eau de Parfum Spray 50ml",
    "referenceUri": "/sweet-like-candy-by-ariana-grande-eau-de-parfum-spray-50ml-10220704",
    "canAddToBasket": "yes",
    "opticians": false,
    "inStock": true,
    "expressDelivery": false,
    "hasOtherPromotion": false,
    "channelPromotionalTextMap": {
      "-1": [],
      "-6": []
    },
    "adCardPoints": 120
  },
  {
    "_id": {
      "$oid": "65ec108d9884656b92f558ff"
    },
    "ppuQuantity": "100ML",
    "pricing": {
      "perUnit": "£114.75 per 100ML",
      "regular": {
        "value": 135,
        "currency": "GBP",
        "text": "£135.00"
      },
      "current": {
        "value": 114.75,
        "currency": "GBP",
        "text": "£114.75"
      },
      "saving": {
        "value": 20.25,
        "currency": "GBP",
        "text": "£20.25"
      }
    },
    "objectId": "2870203",
    "brand": "Prada",
    "attributes": {
      "fragrance_scent": "floral",
      "product_type": "perfume",
      "gender": "unisex",
      "StockOverrideMessage": "STOCK_COMING_SOON",
      "size": "71-100",
      "fragrance_type": "eau de parfum",
      "format": "spray",
      "hasPriceAdvantageDeal": false,
      "ProductReviewFlag": "1"
    },
    "variants": {
      "colours": [],
      "hasColours": false,
      "hasSizes": false
    },
    "categories": [
      [
        {
          "name": "new in",
          "label": "new in"
        },
        {
          "name": "fragrance",
          "label": "fragrance"
        },
        {
          "name": "gift",
          "label": "gift"
        }
      ],
      [
        {
          "name": "perfume",
          "label": "fragrance > perfume"
        },
        {
          "name": "gifts for her",
          "label": "gift > gifts for her"
        },
        {
          "name": "luxury fragrance",
          "label": "fragrance > luxury fragrance"
        },
        {
          "name": "new in fragrance",
          "label": "fragrance > new in fragrance"
        },
        {
          "name": "brands",
          "label": "fragrance > brands"
        },
        {
          "name": "new in fragrance",
          "label": "new in > new in fragrance"
        }
      ],
      [
        {
          "name": "all perfumes",
          "label": "fragrance > perfume > all perfumes"
        },
        {
          "name": "floral perfume",
          "label": "fragrance > perfume > floral perfume"
        },
        {
          "name": "all perfumes",
          "label": "gift > gifts for her > all perfumes"
        }
      ]
    ],
    "reviews": {
      "average": 4.62,
      "count": 305,
      "rounded": 4
    },
    "parent": {
      "product": "2870202",
      "partNumber": "10333155.P",
      "model": "10333155",
      "manufacturerModel": "5763088"
    },
    "images": {
      "thumbnail": "https://boots.scene7.com/is/image/Boots/10333155?wid=45&hei=60&op_sharpen=1"
    },
    "offers": [
      {
        "text": "Save up to 20 percent on selected fragrances"
      }
    ],
    "actions": {},
    "iconUri": "https://boots.scene7.com/is/image/Boots/10333155?op_sharpen=1",
    "title": "Prada Infusion d'Iris Eau de Parfum 100ml",
    "referenceUri": "/prada-infusion-diris-eau-de-parfum-100ml-10333155",
    "canAddToBasket": "yes",
    "opticians": false,
    "inStock": true,
    "expressDelivery": false,
    "hasOtherPromotion": true,
    "channelPromotionalTextMap": {
      "-1": [
        "Save up to 20 percent on selected fragrances"
      ],
      "-6": [
        "Save up to 20 percent on selected fragrances"
      ]
    },
    "adCardPoints": 342
  },
  {
    "_id": {
      "$oid": "65ec108d9884656b92f55900"
    },
    "ppuQuantity": "50ML",
    "pricing": {
      "perUnit": "£62.00 per 100ML",
      "regular": {
        "value": 44,
        "currency": "GBP",
        "text": "£44.00"
      },
      "current": {
        "value": 31,
        "currency": "GBP",
        "text": "£31.00"
      },
      "saving": {
        "value": 13,
        "currency": "GBP",
        "text": "£13.00"
      }
    },
    "objectId": "2993",
    "brand": "Davidoff",
    "attributes": {
      "fragrance_scent": [
        "woody",
        "floral",
        "fruity"
      ],
      "size": "41-50",
      "StockOverrideMessage": "STOCK_COMING_SOON",
      "gender": "womens",
      "Size": [
        "50ml",
        "50 ml"
      ],
      "parentCategory_UK": "33071",
      "fragrance_type": "eau de toilette",
      "hasPriceAdvantageDeal": false,
      "Reporting_Category": "fragrance",
      "ProductReviewFlag": "1"
    },
    "variants": {
      "colours": [],
      "hasColours": false,
      "hasSizes": false
    },
    "categories": [
      [
        {
          "name": "fragrance",
          "label": "fragrance"
        },
        {
          "name": "gift",
          "label": "gift"
        }
      ],
      [
        {
          "name": "perfume",
          "label": "fragrance > perfume"
        },
        {
          "name": "fragrance offers",
          "label": "fragrance > fragrance offers"
        },
        {
          "name": "gifts for her",
          "label": "gift > gifts for her"
        }
      ],
      [
        {
          "name": "all perfumes",
          "label": "fragrance > perfume > all perfumes"
        },
        {
          "name": "floral perfume",
          "label": "fragrance > perfume > floral perfume"
        },
        {
          "name": "everyday low prices",
          "label": "fragrance > fragrance offers > everyday low prices"
        },
        {
          "name": "save up to 60 percent",
          "label": "fragrance > fragrance offers > save up to 60 percent"
        },
        {
          "name": "save up to 20% on fragrance",
          "label": "fragrance > fragrance offers > save up to 20% on fragrance"
        },
        {
          "name": "all perfumes",
          "label": "gift > gifts for her > all perfumes"
        }
      ]
    ],
    "reviews": {
      "average": 4.57,
      "count": 70,
      "rounded": 4
    },
    "parent": {
      "product": "2992",
      "partNumber": "10011457.P",
      "model": "10011457",
      "manufacturerModel": "3112969"
    },
    "images": {
      "thumbnail": "https://boots.scene7.com/is/image/Boots/10011457?wid=45&hei=60&op_sharpen=1"
    },
    "offers": [
      {
        "text": "Save up to 1/2 price on selected fragrances"
      }
    ],
    "actions": {},
    "iconUri": "https://boots.scene7.com/is/image/Boots/10011457?op_sharpen=1",
    "title": "Davidoff Cool Water Woman Eau de Toilette 50ml",
    "referenceUri": "/davidoff-cool-water-woman-eau-de-toilette-spray-50ml-10011457",
    "canAddToBasket": "yes",
    "opticians": false,
    "inStock": true,
    "expressDelivery": false,
    "hasOtherPromotion": true,
    "channelPromotionalTextMap": {
      "-1": [
        "Save up to 1/2 price on selected fragrances"
      ],
      "-6": [
        "Save up to 1/2 price on selected fragrances"
      ]
    },
    "adCardPoints": 93
  },
  {
    "_id": {
      "$oid": "65ec108d9884656b92f55901"
    },
    "ppuQuantity": "50ML",
    "pricing": {
      "perUnit": "£160.00 per 100ML",
      "regular": {
        "value": 80,
        "currency": "GBP",
        "text": "£80.00"
      },
      "current": {
        "value": 80,
        "currency": "GBP",
        "text": "£80.00"
      }
    },
    "objectId": "2690142",
    "brand": "Issey Miyake",
    "attributes": {
      "fragrance_scent": [
        "floral",
        "aquatic"
      ],
      "suitable_for": "vegan",
      "gender": "womens",
      "size": "41-50",
      "StockOverrideMessage": "STOCK_COMING_SOON",
      "fragrance_type": "eau de parfum",
      "hasPriceAdvantageDeal": false,
      "Reporting_Category": "fragrance",
      "ProductReviewFlag": "1"
    },
    "variants": {
      "colours": [],
      "hasColours": false,
      "hasSizes": false
    },
    "categories": [
      [
        {
          "name": "vegan",
          "label": "vegan"
        },
        {
          "name": "fragrance",
          "label": "fragrance"
        },
        {
          "name": "gift",
          "label": "gift"
        },
        {
          "name": "wellness",
          "label": "wellness"
        }
      ],
      [
        {
          "name": "vegan fragrance",
          "label": "vegan > vegan fragrance"
        },
        {
          "name": "perfume",
          "label": "fragrance > perfume"
        },
        {
          "name": "gifts for her",
          "label": "gift > gifts for her"
        },
        {
          "name": "vegan",
          "label": "wellness > vegan"
        },
        {
          "name": "luxury fragrance",
          "label": "fragrance > luxury fragrance"
        },
        {
          "name": "brands",
          "label": "fragrance > brands"
        },
        {
          "name": "5* rated perfumes & aftershaves",
          "label": "fragrance > 5* rated perfumes & aftershaves"
        },
        {
          "name": "vegan fragrance",
          "label": "fragrance > vegan fragrance"
        },
        {
          "name": "all vegan products",
          "label": "wellness > all vegan products"
        },
        {
          "name": "all vegan products",
          "label": "vegan > all vegan products"
        }
      ],
      [
        {
          "name": "all perfumes",
          "label": "fragrance > perfume > all perfumes"
        },
        {
          "name": "floral perfume",
          "label": "fragrance > perfume > floral perfume"
        },
        {
          "name": "all perfumes",
          "label": "gift > gifts for her > all perfumes"
        },
        {
          "name": "all vegan products",
          "label": "wellness > vegan > all vegan products"
        },
        {
          "name": "vegan fragrance",
          "label": "wellness > vegan > vegan fragrance"
        }
      ]
    ],
    "reviews": {
      "average": 4.57,
      "count": 927,
      "rounded": 4
    },
    "parent": {
      "product": "2690141",
      "partNumber": "10313738.P",
      "model": "10313738",
      "manufacturerModel": "3195104"
    },
    "images": {
      "thumbnail": "https://boots.scene7.com/is/image/Boots/10313738?wid=45&hei=60&op_sharpen=1"
    },
    "offers": [],
    "actions": {},
    "iconUri": "https://boots.scene7.com/is/image/Boots/10313738?op_sharpen=1",
    "title": "Issey Miyake A Drop d'Issey Eau de Parfum Fraiche 50ml",
    "referenceUri": "/issey-miyake-a-drop-dissey-eau-de-parfum-fraiche-50ml-10313738",
    "canAddToBasket": "yes",
    "opticians": false,
    "inStock": true,
    "expressDelivery": false,
    "hasOtherPromotion": false,
    "channelPromotionalTextMap": {
      "-1": [],
      "-6": []
    },
    "adCardPoints": 240
  },
  {
    "_id": {
      "$oid": "65ec108d9884656b92f55902"
    },
    "ppuQuantity": "50ML",
    "pricing": {
      "perUnit": "£168.00 per 100ML",
      "regular": {
        "value": 105,
        "currency": "GBP",
        "text": "£105.00"
      },
      "current": {
        "value": 84,
        "currency": "GBP",
        "text": "£84.00"
      },
      "saving": {
        "value": 21,
        "currency": "GBP",
        "text": "£21.00"
      }
    },
    "objectId": "2871137",
    "brand": "Tiffany",
    "attributes": {
      "fragrance_scent": "floral",
      "product_type": "body spray",
      "StockOverrideMessage": "STOCK_COMING_SOON",
      "gender": "womens",
      "size": "41-50",
      "fragrance_type": "eau de parfum",
      "format": "spray",
      "hasPriceAdvantageDeal": false,
      "key_features": "long lasting",
      "ProductReviewFlag": "1"
    },
    "variants": {
      "colours": [],
      "hasColours": false,
      "hasSizes": false
    },
    "categories": [
      [
        {
          "name": "new in",
          "label": "new in"
        },
        {
          "name": "fragrance",
          "label": "fragrance"
        },
        {
          "name": "gift",
          "label": "gift"
        }
      ],
      [
        {
          "name": "new in fragrance",
          "label": "new in > new in fragrance"
        },
        {
          "name": "perfume",
          "label": "fragrance > perfume"
        },
        {
          "name": "gifts for her",
          "label": "gift > gifts for her"
        },
        {
          "name": "new in fragrance",
          "label": "fragrance > new in fragrance"
        }
      ],
      [
        {
          "name": "all perfumes",
          "label": "fragrance > perfume > all perfumes"
        },
        {
          "name": "floral perfume",
          "label": "fragrance > perfume > floral perfume"
        },
        {
          "name": "all perfumes",
          "label": "gift > gifts for her > all perfumes"
        }
      ]
    ],
    "reviews": {
      "average": 4.55,
      "count": 503,
      "rounded": 4
    },
    "parent": {
      "product": "2871136",
      "partNumber": "10333276.P",
      "model": "10333276",
      "manufacturerModel": "5766664"
    },
    "images": {
      "thumbnail": "https://boots.scene7.com/is/image/Boots/10333276?wid=45&hei=60&op_sharpen=1"
    },
    "offers": [
      {
        "text": "Save up to 20 percent on selected fragrances"
      }
    ],
    "actions": {},
    "iconUri": "https://boots.scene7.com/is/image/Boots/10333276?op_sharpen=1",
    "title": "Tiffany & Co. Rose Gold Eau de Parfum Intense for Women 50ml",
    "referenceUri": "/tiffany-and-co-rose-gold-eau-de-parfum-intense-for-women-50ml-10333276",
    "canAddToBasket": "yes",
    "opticians": false,
    "inStock": true,
    "expressDelivery": false,
    "hasOtherPromotion": true,
    "channelPromotionalTextMap": {
      "-1": [
        "Save up to 20 percent on selected fragrances"
      ],
      "-6": [
        "Save up to 20 percent on selected fragrances"
      ]
    },
    "adCardPoints": 252
  },
  {
    "_id": {
      "$oid": "65ec108d9884656b92f55903"
    },
    "ppuQuantity": "30ML",
    "pricing": {
      "perUnit": "£208.00 per 100ML",
      "regular": {
        "value": 78,
        "currency": "GBP",
        "text": "£78.00"
      },
      "current": {
        "value": 62.4,
        "currency": "GBP",
        "text": "£62.40"
      },
      "saving": {
        "value": 15.6,
        "currency": "GBP",
        "text": "£15.60"
      }
    },
    "objectId": "2871135",
    "brand": "Tiffany",
    "attributes": {
      "fragrance_scent": "floral",
      "product_type": "body spray",
      "StockOverrideMessage": "STOCK_COMING_SOON",
      "size": "21-30",
      "gender": "womens",
      "fragrance_type": "eau de parfum",
      "format": "spray",
      "hasPriceAdvantageDeal": false,
      "key_features": "long lasting",
      "ProductReviewFlag": "1"
    },
    "variants": {
      "colours": [],
      "hasColours": false,
      "hasSizes": false
    },
    "categories": [
      [
        {
          "name": "new in",
          "label": "new in"
        },
        {
          "name": "fragrance",
          "label": "fragrance"
        },
        {
          "name": "gift",
          "label": "gift"
        }
      ],
      [
        {
          "name": "new in fragrance",
          "label": "new in > new in fragrance"
        },
        {
          "name": "perfume",
          "label": "fragrance > perfume"
        },
        {
          "name": "gifts for her",
          "label": "gift > gifts for her"
        },
        {
          "name": "new in fragrance",
          "label": "fragrance > new in fragrance"
        }
      ],
      [
        {
          "name": "all perfumes",
          "label": "fragrance > perfume > all perfumes"
        },
        {
          "name": "floral perfume",
          "label": "fragrance > perfume > floral perfume"
        },
        {
          "name": "all perfumes",
          "label": "gift > gifts for her > all perfumes"
        }
      ]
    ],
    "reviews": {
      "average": 4.55,
      "count": 503,
      "rounded": 4
    },
    "parent": {
      "product": "2871134",
      "partNumber": "10333275.P",
      "model": "10333275",
      "manufacturerModel": "5766656"
    },
    "images": {
      "thumbnail": "https://boots.scene7.com/is/image/Boots/10333275?wid=45&hei=60&op_sharpen=1"
    },
    "offers": [
      {
        "text": "Save up to 20 percent on selected fragrances"
      }
    ],
    "actions": {},
    "iconUri": "https://boots.scene7.com/is/image/Boots/10333275?op_sharpen=1",
    "title": "Tiffany & Co. Rose Gold Eau de Parfum Intense for Women 30ml",
    "referenceUri": "/tiffany-and-co-rose-gold-eau-de-parfum-intense-for-women-30ml-10333275",
    "canAddToBasket": "yes",
    "opticians": false,
    "inStock": true,
    "expressDelivery": false,
    "hasOtherPromotion": true,
    "channelPromotionalTextMap": {
      "-1": [
        "Save up to 20 percent on selected fragrances"
      ],
      "-6": [
        "Save up to 20 percent on selected fragrances"
      ]
    },
    "adCardPoints": 186
  },
  {
    "_id": {
      "$oid": "65ec108d9884656b92f55904"
    },
    "ppuQuantity": "100ML",
    "pricing": {
      "perUnit": "£114.00 per 100ML",
      "regular": {
        "value": 114,
        "currency": "GBP",
        "text": "£114.00"
      },
      "current": {
        "value": 114,
        "currency": "GBP",
        "text": "£114.00"
      }
    },
    "objectId": "2824603",
    "brand": "Narciso Rodriguez",
    "attributes": {
      "fragrance_scent": "musk",
      "StockOverrideMessage": "STOCK_COMING_SOON",
      "size": "71-100",
      "gender": "womens",
      "fragrance_type": "eau de parfum",
      "hasPriceAdvantageDeal": false,
      "ProductReviewFlag": "1"
    },
    "variants": {
      "colours": [],
      "hasColours": false,
      "hasSizes": false
    },
    "categories": [
      [
        {
          "name": "fragrance",
          "label": "fragrance"
        },
        {
          "name": "gift",
          "label": "gift"
        }
      ],
      [
        {
          "name": "5* rated perfumes & aftershaves",
          "label": "fragrance > 5* rated perfumes & aftershaves"
        },
        {
          "name": "perfume",
          "label": "fragrance > perfume"
        },
        {
          "name": "gifts for her",
          "label": "gift > gifts for her"
        },
        {
          "name": "luxury fragrance",
          "label": "fragrance > luxury fragrance"
        },
        {
          "name": "brands",
          "label": "fragrance > brands"
        }
      ],
      [
        {
          "name": "all perfumes",
          "label": "fragrance > perfume > all perfumes"
        },
        {
          "name": "musky perfume",
          "label": "fragrance > perfume > musky perfume"
        },
        {
          "name": "floral perfume",
          "label": "fragrance > perfume > floral perfume"
        },
        {
          "name": "all perfumes",
          "label": "gift > gifts for her > all perfumes"
        }
      ]
    ],
    "reviews": {
      "average": 4.53,
      "count": 615,
      "rounded": 4
    },
    "parent": {
      "product": "2824602",
      "partNumber": "10327103.P",
      "model": "10327103",
      "manufacturerModel": "5463890"
    },
    "images": {
      "thumbnail": "https://boots.scene7.com/is/image/Boots/10327103?wid=45&hei=60&op_sharpen=1"
    },
    "offers": [
      {
        "text": "Free Narciso Rodriguez mirror and case when you buy selected fragrance - online only, whilst stocks last"
      }
    ],
    "actions": {},
    "iconUri": "https://boots.scene7.com/is/image/Boots/10327103?op_sharpen=1",
    "title": "Narciso Rodriguez for her Forever Eau de Parfum 100ml",
    "referenceUri": "/narciso-rodriguez-for-her-forever-eau-de-parfum-100ml-10327103",
    "canAddToBasket": "yes",
    "opticians": false,
    "inStock": true,
    "expressDelivery": false,
    "hasOtherPromotion": true,
    "channelPromotionalTextMap": {
      "-1": [
        "Free Narciso Rodriguez mirror and case when you buy selected fragrance - online only, whilst stocks last"
      ],
      "-6": [
        "Free Narciso Rodriguez mirror and case when you buy selected fragrance - online only, whilst stocks last"
      ]
    },
    "adCardPoints": 342
  },
  {
    "_id": {
      "$oid": "65ec108d9884656b92f55905"
    },
    "ppuQuantity": "30ML",
    "pricing": {
      "perUnit": "£140.00 per 100ML",
      "regular": {
        "value": 52.5,
        "currency": "GBP",
        "text": "£52.50"
      },
      "current": {
        "value": 42,
        "currency": "GBP",
        "text": "£42.00"
      },
      "saving": {
        "value": 10.5,
        "currency": "GBP",
        "text": "£10.50"
      }
    },
    "objectId": "2492087",
    "brand": "Versace",
    "attributes": {
      "fragrance_scent": "floral",
      "size": "21-30",
      "gender": "womens",
      "StockOverrideMessage": "STOCK_COMING_SOON",
      "format": "spray",
      "fragrance_type": "eau de toilette",
      "hasPriceAdvantageDeal": false,
      "Reporting_Category": "fragrance",
      "key_features": "eco-friendly",
      "ProductReviewFlag": "1"
    },
    "variants": {
      "colours": [],
      "hasColours": false,
      "hasSizes": false
    },
    "categories": [
      [
        {
          "name": "fragrance",
          "label": "fragrance"
        },
        {
          "name": "gift",
          "label": "gift"
        }
      ],
      [
        {
          "name": "5* rated perfumes & aftershaves",
          "label": "fragrance > 5* rated perfumes & aftershaves"
        },
        {
          "name": "perfume",
          "label": "fragrance > perfume"
        },
        {
          "name": "gifts for her",
          "label": "gift > gifts for her"
        }
      ],
      [
        {
          "name": "all perfumes",
          "label": "fragrance > perfume > all perfumes"
        },
        {
          "name": "floral perfume",
          "label": "fragrance > perfume > floral perfume"
        },
        {
          "name": "all perfumes",
          "label": "gift > gifts for her > all perfumes"
        }
      ]
    ],
    "reviews": {
      "average": 4.53,
      "count": 855,
      "rounded": 4
    },
    "parent": {
      "product": "2492086",
      "partNumber": "10291214.P",
      "model": "10291214",
      "manufacturerModel": "2507382"
    },
    "images": {
      "thumbnail": "https://boots.scene7.com/is/image/Boots/10291214?wid=45&hei=60&op_sharpen=1"
    },
    "offers": [
      {
        "text": "Save up to 20 percent on selected fragrances"
      }
    ],
    "actions": {},
    "iconUri": "https://boots.scene7.com/is/image/Boots/10291214?op_sharpen=1",
    "title": "Versace Dylan Turquoise Eau De Toilette 30ml",
    "referenceUri": "/versace-dylan-blue-turquoise-eau-de-toilette-30ml-10291214",
    "canAddToBasket": "yes",
    "opticians": false,
    "inStock": true,
    "expressDelivery": false,
    "hasOtherPromotion": true,
    "channelPromotionalTextMap": {
      "-1": [
        "Save up to 20 percent on selected fragrances"
      ],
      "-6": [
        "Save up to 20 percent on selected fragrances"
      ]
    },
    "adCardPoints": 126
  },
  {
    "_id": {
      "$oid": "65ec108d9884656b92f55906"
    },
    "ppuQuantity": "100ML",
    "pricing": {
      "perUnit": "£100.00 per 100ML",
      "regular": {
        "value": 100,
        "currency": "GBP",
        "text": "£100.00"
      },
      "current": {
        "value": 100,
        "currency": "GBP",
        "text": "£100.00"
      }
    },
    "objectId": "1124275",
    "brand": "Narciso Rodriguez",
    "attributes": {
      "fragrance_scent": [
        "amber",
        "musk",
        "fruity",
        "citrus",
        "woody"
      ],
      "size": "71-100",
      "gender": "womens",
      "StockOverrideMessage": "SOLD_OUT",
      "Size": "100ml",
      "parentCategory_UK": "33071",
      "fragrance_type": "eau de toilette",
      "hasPriceAdvantageDeal": false,
      "gift_type": "fragrance gifts",
      "ProductReviewFlag": "1"
    },
    "variants": {
      "colours": [],
      "hasColours": false,
      "hasSizes": false
    },
    "categories": [
      [
        {
          "name": "gift",
          "label": "gift"
        },
        {
          "name": "fragrance",
          "label": "fragrance"
        }
      ],
      [
        {
          "name": "gifts for her",
          "label": "gift > gifts for her"
        },
        {
          "name": "perfume",
          "label": "fragrance > perfume"
        }
      ],
      [
        {
          "name": "all perfumes",
          "label": "gift > gifts for her > all perfumes"
        },
        {
          "name": "all perfumes",
          "label": "fragrance > perfume > all perfumes"
        }
      ]
    ],
    "reviews": {
      "average": 4.52,
      "count": 29,
      "rounded": 4
    },
    "parent": {
      "product": "1124274",
      "partNumber": "10113356.P",
      "model": "10113356",
      "manufacturerModel": "2430622"
    },
    "images": {
      "thumbnail": "https://boots.scene7.com/is/image/Boots/10113356?wid=45&hei=60&op_sharpen=1"
    },
    "offers": [
      {
        "text": "Free Narciso Rodriguez mirror and case when you buy selected fragrance - online only, whilst stocks last"
      }
    ],
    "actions": {},
    "iconUri": "https://boots.scene7.com/is/image/Boots/10113356?op_sharpen=1",
    "title": "Narciso Rodriguez for her Eau de Toilette 100ml",
    "referenceUri": "/narciso-rodriguez-for-her-eau-de-toilette-100ml-10113356",
    "canAddToBasket": "yes",
    "opticians": false,
    "inStock": true,
    "expressDelivery": false,
    "hasOtherPromotion": true,
    "channelPromotionalTextMap": {
      "-1": [
        "Free Narciso Rodriguez mirror and case when you buy selected fragrance - online only, whilst stocks last"
      ],
      "-6": [
        "Free Narciso Rodriguez mirror and case when you buy selected fragrance - online only, whilst stocks last"
      ]
    },
    "adCardPoints": 300
  },
  {
    "_id": {
      "$oid": "65ec108d9884656b92f55907"
    },
    "ppuQuantity": "100ML",
    "pricing": {
      "perUnit": "£73.95 per 100ML",
      "regular": {
        "value": 87,
        "currency": "GBP",
        "text": "£87.00"
      },
      "current": {
        "value": 73.95,
        "currency": "GBP",
        "text": "£73.95"
      },
      "saving": {
        "value": 13.05,
        "currency": "GBP",
        "text": "£13.05"
      }
    },
    "objectId": "2795135",
    "brand": "Estee Lauder",
    "attributes": {
      "fragrance_scent": [
        "floral",
        "musk"
      ],
      "fragrance_type": "eau de toilette",
      "hasPriceAdvantageDeal": false,
      "StockOverrideMessage": "STOCK_COMING_SOON",
      "ProductReviewFlag": "1"
    },
    "variants": {
      "colours": [],
      "hasColours": false,
      "hasSizes": false
    },
    "categories": [
      [
        {
          "name": "new in",
          "label": "new in"
        },
        {
          "name": "toiletries",
          "label": "toiletries"
        },
        {
          "name": "men's",
          "label": "men's"
        },
        {
          "name": "beauty & skincare",
          "label": "beauty & skincare"
        },
        {
          "name": "fragrance",
          "label": "fragrance"
        },
        {
          "name": "gift",
          "label": "gift"
        }
      ],
      [
        {
          "name": "new in premium beauty & skincare",
          "label": "new in > new in premium beauty & skincare"
        },
        {
          "name": "men's toiletries",
          "label": "toiletries > men's toiletries"
        },
        {
          "name": "men's toiletries",
          "label": "men's > men's toiletries"
        },
        {
          "name": "premium beauty & skincare",
          "label": "beauty & skincare > premium beauty & skincare"
        },
        {
          "name": "perfume",
          "label": "fragrance > perfume"
        },
        {
          "name": "aftershave",
          "label": "fragrance > aftershave"
        },
        {
          "name": "gifts for him",
          "label": "gift > gifts for him"
        },
        {
          "name": "gifts for her",
          "label": "gift > gifts for her"
        },
        {
          "name": "aftershave",
          "label": "men's > aftershave"
        },
        {
          "name": "new in beauty & skincare",
          "label": "beauty & skincare > new in beauty & skincare"
        },
        {
          "name": "luxury fragrance",
          "label": "fragrance > luxury fragrance"
        },
        {
          "name": "5* rated perfumes & aftershaves",
          "label": "fragrance > 5* rated perfumes & aftershaves"
        },
        {
          "name": "new in beauty & skincare",
          "label": "new in > new in beauty & skincare"
        }
      ],
      [
        {
          "name": "aftershave",
          "label": "toiletries > men's toiletries > aftershave"
        },
        {
          "name": "aftershave",
          "label": "men's > men's toiletries > aftershave"
        },
        {
          "name": "new in premium beauty & skincare",
          "label": "beauty & skincare > premium beauty & skincare > new in premium beauty & skincare"
        },
        {
          "name": "all perfumes",
          "label": "fragrance > perfume > all perfumes"
        },
        {
          "name": "floral perfume",
          "label": "fragrance > perfume > floral perfume"
        },
        {
          "name": "all aftershave",
          "label": "fragrance > aftershave > all aftershave"
        },
        {
          "name": "all aftershave",
          "label": "gift > gifts for him > all aftershave"
        },
        {
          "name": "all perfumes",
          "label": "gift > gifts for her > all perfumes"
        },
        {
          "name": "all aftershave",
          "label": "men's > aftershave > all aftershave"
        }
      ],
      [
        {
          "name": "all aftershave",
          "label": "toiletries > men's toiletries > aftershave > all aftershave"
        },
        {
          "name": "all aftershave",
          "label": "men's > men's toiletries > aftershave > all aftershave"
        }
      ]
    ],
    "reviews": {
      "average": 4.51,
      "count": 282,
      "rounded": 4
    },
    "parent": {
      "product": "2795134",
      "partNumber": "10324103.P",
      "model": "10324103",
      "manufacturerModel": "5293006"
    },
    "images": {
      "thumbnail": "https://boots.scene7.com/is/image/Boots/10324103?wid=45&hei=60&op_sharpen=1"
    },
    "offers": [
      {
        "text": "Save up to 20 percent on selected fragrances"
      }
    ],
    "actions": {},
    "iconUri": "https://boots.scene7.com/is/image/Boots/10324103?op_sharpen=1",
    "title": "Estée Lauder Beautiful Magnolia L'Eau Eau de Toilette 100ml",
    "referenceUri": "/estee-lauder-beautiful-magnolia-leau-eau-de-toilette-100ml-10324103",
    "canAddToBasket": "yes",
    "opticians": false,
    "inStock": true,
    "expressDelivery": false,
    "hasOtherPromotion": true,
    "channelPromotionalTextMap": {
      "-1": [
        "Save up to 20 percent on selected fragrances"
      ],
      "-6": [
        "Save up to 20 percent on selected fragrances"
      ]
    },
    "adCardPoints": 219
  },
  {
    "_id": {
      "$oid": "65ec108d9884656b92f55908"
    },
    "ppuQuantity": "50ML",
    "pricing": {
      "perUnit": "£160.00 per 100ML",
      "regular": {
        "value": 100,
        "currency": "GBP",
        "text": "£100.00"
      },
      "current": {
        "value": 80,
        "currency": "GBP",
        "text": "£80.00"
      },
      "saving": {
        "value": 20,
        "currency": "GBP",
        "text": "£20.00"
      }
    },
    "objectId": "2631177",
    "brand": "Hugo Boss",
    "attributes": {
      "fragrance_scent": "amber",
      "gender": "womens",
      "StockOverrideMessage": "STOCK_COMING_SOON",
      "size": "41-50",
      "fragrance_type": "eau de parfum",
      "hasPriceAdvantageDeal": false,
      "Reporting_Category": "fragrance",
      "ProductReviewFlag": "1"
    },
    "variants": {
      "colours": [],
      "hasColours": false,
      "hasSizes": false
    },
    "categories": [
      [
        {
          "name": "gift",
          "label": "gift"
        },
        {
          "name": "fragrance",
          "label": "fragrance"
        },
        {
          "name": "sun & holiday",
          "label": "sun & holiday"
        }
      ],
      [
        {
          "name": "Eid gifts",
          "label": "gift > Eid gifts"
        },
        {
          "name": "perfume",
          "label": "fragrance > perfume"
        },
        {
          "name": "love island",
          "label": "sun & holiday > love island"
        },
        {
          "name": "gifts for her",
          "label": "gift > gifts for her"
        },
        {
          "name": "5* rated perfumes & aftershaves",
          "label": "fragrance > 5* rated perfumes & aftershaves"
        }
      ],
      [
        {
          "name": "all perfumes",
          "label": "fragrance > perfume > all perfumes"
        },
        {
          "name": "amber perfume",
          "label": "fragrance > perfume > amber perfume"
        },
        {
          "name": "shop the love island villa",
          "label": "sun & holiday > love island > shop the love island villa"
        },
        {
          "name": "all perfumes",
          "label": "gift > gifts for her > all perfumes"
        }
      ]
    ],
    "reviews": {
      "average": 4.5,
      "count": 50,
      "rounded": 4
    },
    "parent": {
      "product": "2631176",
      "partNumber": "10305638.P",
      "model": "10305638",
      "manufacturerModel": "8987807"
    },
    "images": {
      "thumbnail": "https://boots.scene7.com/is/image/Boots/10305638?wid=45&hei=60&op_sharpen=1"
    },
    "offers": [
      {
        "text": "Free gift when you buy selected Hugo Boss fragrance - online only, whilst stocks last"
      },
      {
        "text": "Save up to 20 percent on selected fragrances"
      }
    ],
    "actions": {},
    "iconUri": "https://boots.scene7.com/is/image/Boots/10305638?op_sharpen=1",
    "title": "BOSS The Scent Le Parfum for Her 50ml",
    "referenceUri": "/boss-the-scent-le-parfum-for-her-50ml-10305638",
    "canAddToBasket": "yes",
    "opticians": false,
    "inStock": true,
    "expressDelivery": false,
    "hasOtherPromotion": true,
    "channelPromotionalTextMap": {
      "-1": [
        "Free gift when you buy selected Hugo Boss fragrance - online only, whilst stocks last",
        "Save up to 20 percent on selected fragrances"
      ],
      "-6": [
        "Free gift when you buy selected Hugo Boss fragrance - online only, whilst stocks last",
        "Save up to 20 percent on selected fragrances"
      ]
    },
    "adCardPoints": 240
  },
  {
    "_id": {
      "$oid": "65ec108d9884656b92f55909"
    },
    "ppuQuantity": "50ML",
    "pricing": {
      "perUnit": "£110.00 per 100ML",
      "regular": {
        "value": 55,
        "currency": "GBP",
        "text": "£55.00"
      },
      "current": {
        "value": 55,
        "currency": "GBP",
        "text": "£55.00"
      }
    },
    "objectId": "857970",
    "brand": "Juicy Couture",
    "attributes": {
      "fragrance_scent": [
        "vanilla",
        "jasmine",
        "fruity"
      ],
      "StockOverrideMessage": "STOCK_COMING_SOON",
      "gender": "womens",
      "size": "41-50",
      "parentCategory_UK": "33071",
      "fragrance_type": "eau de parfum",
      "hasPriceAdvantageDeal": false,
      "Reporting_Category": "fragrance",
      "ProductReviewFlag": "1"
    },
    "variants": {
      "colours": [],
      "hasColours": false,
      "hasSizes": false
    },
    "categories": [
      [
        {
          "name": "mother's day",
          "label": "mother's day"
        },
        {
          "name": "fragrance",
          "label": "fragrance"
        },
        {
          "name": "gift",
          "label": "gift"
        }
      ],
      [
        {
          "name": "shop all",
          "label": "mother's day > shop all"
        },
        {
          "name": "perfume",
          "label": "fragrance > perfume"
        },
        {
          "name": "fragrance offers",
          "label": "fragrance > fragrance offers"
        },
        {
          "name": "gifts for her",
          "label": "gift > gifts for her"
        },
        {
          "name": "all gifts",
          "label": "gift > all gifts"
        }
      ],
      [
        {
          "name": "all perfumes",
          "label": "fragrance > perfume > all perfumes"
        },
        {
          "name": "vanilla perfume",
          "label": "fragrance > perfume > vanilla perfume"
        },
        {
          "name": "save up to 60 percent",
          "label": "fragrance > fragrance offers > save up to 60 percent"
        },
        {
          "name": "save up to 20% on fragrance",
          "label": "fragrance > fragrance offers > save up to 20% on fragrance"
        },
        {
          "name": "black friday fragrance offers",
          "label": "fragrance > fragrance offers > black friday fragrance offers"
        },
        {
          "name": "all perfumes",
          "label": "gift > gifts for her > all perfumes"
        }
      ]
    ],
    "reviews": {
      "average": 4.49,
      "count": 195,
      "rounded": 4
    },
    "parent": {
      "product": "857969",
      "partNumber": "10081810.P",
      "model": "10081810",
      "manufacturerModel": "2408538"
    },
    "images": {
      "thumbnail": "https://boots.scene7.com/is/image/Boots/10081810?wid=45&hei=60&op_sharpen=1"
    },
    "offers": [],
    "actions": {},
    "iconUri": "https://boots.scene7.com/is/image/Boots/10081810?op_sharpen=1",
    "title": "Juicy Couture Viva La Juicy Eau de Parfum 50ml",
    "referenceUri": "/juicy-couture-viva-la-juicy-eau-de-parfum-50ml-10081810",
    "canAddToBasket": "yes",
    "opticians": false,
    "inStock": true,
    "expressDelivery": false,
    "hasOtherPromotion": false,
    "channelPromotionalTextMap": {
      "-1": [],
      "-6": []
    },
    "adCardPoints": 165
  },
  {
    "_id": {
      "$oid": "65ec108d9884656b92f5590a"
    },
    "ppuQuantity": "30ML",
    "pricing": {
      "perUnit": "£196.67 per 100ML",
      "regular": {
        "value": 59,
        "currency": "GBP",
        "text": "£59.00"
      },
      "current": {
        "value": 59,
        "currency": "GBP",
        "text": "£59.00"
      }
    },
    "objectId": "2937095",
    "brand": "Narciso Rodriguez",
    "attributes": {
      "fragrance_scent": [
        "floral",
        "musk"
      ],
      "product_type": "perfume",
      "StockOverrideMessage": "STOCK_COMING_SOON",
      "size": "21-30",
      "gender": "womens",
      "fragrance_type": "eau de parfum",
      "hasPriceAdvantageDeal": false,
      "ProductReviewFlag": "1"
    },
    "variants": {
      "colours": [],
      "hasColours": false,
      "hasSizes": false
    },
    "categories": [
      [
        {
          "name": "new in",
          "label": "new in"
        },
        {
          "name": "fragrance",
          "label": "fragrance"
        },
        {
          "name": "gift",
          "label": "gift"
        }
      ],
      [
        {
          "name": "new in fragrance",
          "label": "new in > new in fragrance"
        },
        {
          "name": "perfume",
          "label": "fragrance > perfume"
        },
        {
          "name": "gifts for her",
          "label": "gift > gifts for her"
        },
        {
          "name": "new in fragrance",
          "label": "fragrance > new in fragrance"
        }
      ],
      [
        {
          "name": "all perfumes",
          "label": "fragrance > perfume > all perfumes"
        },
        {
          "name": "musky perfume",
          "label": "fragrance > perfume > musky perfume"
        },
        {
          "name": "floral perfume",
          "label": "fragrance > perfume > floral perfume"
        },
        {
          "name": "all perfumes",
          "label": "gift > gifts for her > all perfumes"
        }
      ]
    ],
    "reviews": {
      "average": 4.49,
      "count": 194,
      "rounded": 4
    },
    "parent": {
      "product": "2937094",
      "partNumber": "10340520.P",
      "model": "10340520",
      "manufacturerModel": "2352931"
    },
    "images": {
      "thumbnail": "https://boots.scene7.com/is/image/Boots/10340520?wid=45&hei=60&op_sharpen=1"
    },
    "offers": [],
    "actions": {},
    "iconUri": "https://boots.scene7.com/is/image/Boots/10340520?op_sharpen=1",
    "title": "Narciso Rodriguez for her Musc Nude Eau de Parfum 30ml",
    "referenceUri": "/narciso-rodriguez-for-her-musc-nude-eau-de-parfum-30ml-10340520",
    "canAddToBasket": "yes",
    "opticians": false,
    "inStock": true,
    "expressDelivery": false,
    "hasOtherPromotion": false,
    "channelPromotionalTextMap": {
      "-1": [],
      "-6": []
    },
    "adCardPoints": 177
  },
  {
    "_id": {
      "$oid": "65ec108d9884656b92f5590b"
    },
    "ppuQuantity": "50ML",
    "pricing": {
      "perUnit": "£97.60 per 100ML",
      "regular": {
        "value": 61,
        "currency": "GBP",
        "text": "£61.00"
      },
      "current": {
        "value": 48.8,
        "currency": "GBP",
        "text": "£48.80"
      },
      "saving": {
        "value": 12.2,
        "currency": "GBP",
        "text": "£12.20"
      }
    },
    "objectId": "1381420",
    "brand": "Michael Kors",
    "attributes": {
      "fragrance_scent": [
        "amber",
        "floral",
        "woody"
      ],
      "size": "41-50",
      "StockOverrideMessage": "STOCK_COMING_SOON",
      "gender": "womens",
      "Size": "50ml",
      "parentCategory_UK": "33071",
      "fragrance_type": "eau de parfum",
      "hasPriceAdvantageDeal": false,
      "Reporting_Category": "fragrance",
      "ProductReviewFlag": "1"
    },
    "variants": {
      "colours": [],
      "hasColours": false,
      "hasSizes": false
    },
    "categories": [
      [
        {
          "name": "fragrance",
          "label": "fragrance"
        },
        {
          "name": "gift",
          "label": "gift"
        }
      ],
      [
        {
          "name": "5* rated perfumes & aftershaves",
          "label": "fragrance > 5* rated perfumes & aftershaves"
        },
        {
          "name": "perfume",
          "label": "fragrance > perfume"
        },
        {
          "name": "gifts for her",
          "label": "gift > gifts for her"
        }
      ],
      [
        {
          "name": "all perfumes",
          "label": "fragrance > perfume > all perfumes"
        },
        {
          "name": "floral perfume",
          "label": "fragrance > perfume > floral perfume"
        },
        {
          "name": "amber perfume",
          "label": "fragrance > perfume > amber perfume"
        },
        {
          "name": "all perfumes",
          "label": "gift > gifts for her > all perfumes"
        }
      ]
    ],
    "reviews": {
      "average": 4.48,
      "count": 33,
      "rounded": 4
    },
    "parent": {
      "product": "1381419",
      "partNumber": "10163178.P",
      "model": "10163178",
      "manufacturerModel": "1635476"
    },
    "images": {
      "thumbnail": "https://boots.scene7.com/is/image/Boots/10163178?wid=45&hei=60&op_sharpen=1"
    },
    "offers": [
      {
        "text": "Save up to 20 percent on selected fragrances"
      }
    ],
    "actions": {},
    "iconUri": "https://boots.scene7.com/is/image/Boots/10163178?op_sharpen=1",
    "title": "Michael Kors Sexy Amber Eau de Parfum 50ml",
    "referenceUri": "/michael-kors-sexy-amber-eau-de-parfum--50ml-10163178",
    "canAddToBasket": "yes",
    "opticians": false,
    "inStock": true,
    "expressDelivery": false,
    "hasOtherPromotion": true,
    "channelPromotionalTextMap": {
      "-1": [
        "Save up to 20 percent on selected fragrances"
      ],
      "-6": [
        "Save up to 20 percent on selected fragrances"
      ]
    },
    "adCardPoints": 144
  },
  {
    "_id": {
      "$oid": "65ec108d9884656b92f5590c"
    },
    "ppuQuantity": "50ML",
    "pricing": {
      "perUnit": "£110.50 per 100ML",
      "regular": {
        "value": 65,
        "currency": "GBP",
        "text": "£65.00"
      },
      "current": {
        "value": 55.25,
        "currency": "GBP",
        "text": "£55.25"
      },
      "saving": {
        "value": 9.75,
        "currency": "GBP",
        "text": "£9.75"
      }
    },
    "objectId": "47392",
    "brand": "Diesel",
    "attributes": {
      "fragrance_scent": [
        "musk",
        "woody"
      ],
      "size": "41-50",
      "StockOverrideMessage": "STOCK_COMING_SOON",
      "gender": "womens",
      "Size": [
        "50 ml",
        "50ml"
      ],
      "parentCategory_UK": "33071",
      "fragrance_type": "eau de parfum",
      "hasPriceAdvantageDeal": false,
      "Reporting_Category": "fragrance",
      "ProductReviewFlag": "1"
    },
    "variants": {
      "colours": [],
      "hasColours": false,
      "hasSizes": false
    },
    "categories": [
      [
        {
          "name": "fragrance",
          "label": "fragrance"
        },
        {
          "name": "gift",
          "label": "gift"
        }
      ],
      [
        {
          "name": "5* rated perfumes & aftershaves",
          "label": "fragrance > 5* rated perfumes & aftershaves"
        },
        {
          "name": "perfume",
          "label": "fragrance > perfume"
        },
        {
          "name": "fragrance offers",
          "label": "fragrance > fragrance offers"
        },
        {
          "name": "gifts for her",
          "label": "gift > gifts for her"
        }
      ],
      [
        {
          "name": "all perfumes",
          "label": "fragrance > perfume > all perfumes"
        },
        {
          "name": "musky perfume",
          "label": "fragrance > perfume > musky perfume"
        },
        {
          "name": "Save 15% on 100s of fragrances",
          "label": "fragrance > fragrance offers > Save 15% on 100s of fragrances"
        },
        {
          "name": "all perfumes",
          "label": "gift > gifts for her > all perfumes"
        }
      ]
    ],
    "reviews": {
      "average": 4.46,
      "count": 13,
      "rounded": 4
    },
    "parent": {
      "product": "47391",
      "partNumber": "10069498.P",
      "model": "10069498",
      "manufacturerModel": "3176436"
    },
    "images": {
      "thumbnail": "https://boots.scene7.com/is/image/Boots/10069498?wid=45&hei=60&op_sharpen=1"
    },
    "offers": [
      {
        "text": "Save up to 20 percent on selected fragrances"
      }
    ],
    "actions": {},
    "iconUri": "https://boots.scene7.com/is/image/Boots/10069498?op_sharpen=1",
    "title": "Diesel Fuel For Life Her Eau de Parfum 50ml",
    "referenceUri": "/diesel-fuel-for-life-her-eau-de-parfum-50ml-10069498",
    "canAddToBasket": "yes",
    "opticians": false,
    "inStock": true,
    "expressDelivery": false,
    "hasOtherPromotion": true,
    "channelPromotionalTextMap": {
      "-1": [
        "Save up to 20 percent on selected fragrances"
      ],
      "-6": [
        "Save up to 20 percent on selected fragrances"
      ]
    },
    "adCardPoints": 165
  },
  {
    "_id": {
      "$oid": "65ec108d9884656b92f5590d"
    },
    "ppuQuantity": "50ML",
    "pricing": {
      "perUnit": "£131.20 per 100ML",
      "regular": {
        "value": 82,
        "currency": "GBP",
        "text": "£82.00"
      },
      "current": {
        "value": 65.6,
        "currency": "GBP",
        "text": "£65.60"
      },
      "saving": {
        "value": 16.4,
        "currency": "GBP",
        "text": "£16.40"
      }
    },
    "objectId": "2431527",
    "brand": "Tiffany",
    "attributes": {
      "fragrance_scent": "floral",
      "gender": "womens",
      "StockOverrideMessage": "STOCK_COMING_SOON",
      "size": "41-50",
      "fragrance_type": "eau de toilette",
      "format": "spray",
      "hasPriceAdvantageDeal": false,
      "Reporting_Category": "fragrance",
      "ProductReviewFlag": "1"
    },
    "variants": {
      "colours": [],
      "hasColours": false,
      "hasSizes": false
    },
    "categories": [
      [
        {
          "name": "fragrance",
          "label": "fragrance"
        },
        {
          "name": "gift",
          "label": "gift"
        }
      ],
      [
        {
          "name": "fragrance offers",
          "label": "fragrance > fragrance offers"
        },
        {
          "name": "perfume",
          "label": "fragrance > perfume"
        },
        {
          "name": "gifts for her",
          "label": "gift > gifts for her"
        }
      ],
      [
        {
          "name": "all perfumes",
          "label": "fragrance > perfume > all perfumes"
        },
        {
          "name": "floral perfume",
          "label": "fragrance > perfume > floral perfume"
        },
        {
          "name": "all perfumes",
          "label": "gift > gifts for her > all perfumes"
        }
      ]
    ],
    "reviews": {
      "average": 4.46,
      "count": 392,
      "rounded": 4
    },
    "parent": {
      "product": "2431526",
      "partNumber": "10285629.P",
      "model": "10285629",
      "manufacturerModel": "8961662"
    },
    "images": {
      "thumbnail": "https://boots.scene7.com/is/image/Boots/10285629?wid=45&hei=60&op_sharpen=1"
    },
    "offers": [
      {
        "text": "Save up to 20 percent on selected fragrances"
      }
    ],
    "actions": {},
    "iconUri": "https://boots.scene7.com/is/image/Boots/10285629?op_sharpen=1",
    "title": "TIFFANY & CO. Tiffany Sheer Eau de Toilette for Her 50ml",
    "referenceUri": "/tiffany-co-tiffany-sheer-eau-de-toilette-50ml-10285629",
    "canAddToBasket": "yes",
    "opticians": false,
    "inStock": true,
    "expressDelivery": false,
    "hasOtherPromotion": true,
    "channelPromotionalTextMap": {
      "-1": [
        "Save up to 20 percent on selected fragrances"
      ],
      "-6": [
        "Save up to 20 percent on selected fragrances"
      ]
    },
    "adCardPoints": 195
  },
  {
    "_id": {
      "$oid": "65ec108d9884656b92f5590e"
    },
    "ppuQuantity": "150ML",
    "pricing": {
      "perUnit": "£77.07 per 100ML",
      "regular": {
        "value": 136,
        "currency": "GBP",
        "text": "£136.00"
      },
      "current": {
        "value": 115.6,
        "currency": "GBP",
        "text": "£115.60"
      },
      "saving": {
        "value": 20.4,
        "currency": "GBP",
        "text": "£20.40"
      }
    },
    "objectId": "2487998",
    "brand": "Christian Dior",
    "attributes": {
      "fragrance_scent": "floral",
      "size": "101-150",
      "gender": "womens",
      "StockOverrideMessage": "STOCK_COMING_SOON",
      "fragrance_type": "eau de toilette",
      "format": "spray",
      "hasPriceAdvantageDeal": false,
      "Reporting_Category": "fragrance",
      "ProductReviewFlag": "1"
    },
    "variants": {
      "colours": [],
      "hasColours": false,
      "hasSizes": false
    },
    "categories": [
      [
        {
          "name": "fragrance",
          "label": "fragrance"
        },
        {
          "name": "gift",
          "label": "gift"
        }
      ],
      [
        {
          "name": "luxury fragrance",
          "label": "fragrance > luxury fragrance"
        },
        {
          "name": "perfume",
          "label": "fragrance > perfume"
        },
        {
          "name": "gifts for her",
          "label": "gift > gifts for her"
        }
      ],
      [
        {
          "name": "all perfumes",
          "label": "fragrance > perfume > all perfumes"
        },
        {
          "name": "floral perfume",
          "label": "fragrance > perfume > floral perfume"
        },
        {
          "name": "all perfumes",
          "label": "gift > gifts for her > all perfumes"
        }
      ]
    ],
    "reviews": {
      "average": 4.44,
      "count": 186,
      "rounded": 4
    },
    "parent": {
      "product": "2487997",
      "partNumber": "10290738.P",
      "model": "10290738",
      "manufacturerModel": "2343665"
    },
    "images": {
      "thumbnail": "https://boots.scene7.com/is/image/Boots/10290738?wid=45&hei=60&op_sharpen=1"
    },
    "offers": [
      {
        "text": "Save up to 20 percent on selected fragrances"
      }
    ],
    "actions": {},
    "iconUri": "https://boots.scene7.com/is/image/Boots/10290738?op_sharpen=1",
    "title": "DIOR Miss Dior Rose N'Roses Eau de Toilette 150ml",
    "referenceUri": "/miss-dior-rose-n-roses-eau-de-toilette-150ml-10290738",
    "canAddToBasket": "yes",
    "opticians": false,
    "inStock": true,
    "expressDelivery": false,
    "hasOtherPromotion": true,
    "channelPromotionalTextMap": {
      "-1": [
        "Save up to 20 percent on selected fragrances"
      ],
      "-6": [
        "Save up to 20 percent on selected fragrances"
      ]
    },
    "adCardPoints": 345
  },
  {
    "_id": {
      "$oid": "65ec108d9884656b92f5590f"
    },
    "ppuQuantity": "40ML",
    "pricing": {
      "perUnit": "£156.00 per 100ML",
      "regular": {
        "value": 78,
        "currency": "GBP",
        "text": "£78.00"
      },
      "current": {
        "value": 62.4,
        "currency": "GBP",
        "text": "£62.40"
      },
      "saving": {
        "value": 15.6,
        "currency": "GBP",
        "text": "£15.60"
      }
    },
    "objectId": "2575047",
    "brand": "Estee Lauder",
    "attributes": {
      "fragrance_scent": "citrus",
      "gender": "womens",
      "size": "31-40",
      "StockOverrideMessage": "STOCK_COMING_SOON",
      "format": "spray",
      "fragrance_type": "eau de parfum",
      "hasPriceAdvantageDeal": false,
      "Reporting_Category": "fragrance",
      "gift_type": "fragrance gifts",
      "ProductReviewFlag": "1"
    },
    "variants": {
      "colours": [],
      "hasColours": false,
      "hasSizes": false
    },
    "categories": [
      [
        {
          "name": "fragrance",
          "label": "fragrance"
        },
        {
          "name": "beauty & skincare",
          "label": "beauty & skincare"
        },
        {
          "name": "gift",
          "label": "gift"
        }
      ],
      [
        {
          "name": "perfume",
          "label": "fragrance > perfume"
        },
        {
          "name": "premium beauty & skincare",
          "label": "beauty & skincare > premium beauty & skincare"
        },
        {
          "name": "gifts for her",
          "label": "gift > gifts for her"
        }
      ],
      [
        {
          "name": "save up to 25% across selected premium beauty and No7",
          "label": "beauty & skincare > premium beauty & skincare > save up to 25% across selected premium beauty and No7"
        },
        {
          "name": "all perfumes",
          "label": "fragrance > perfume > all perfumes"
        },
        {
          "name": "all perfumes",
          "label": "gift > gifts for her > all perfumes"
        }
      ]
    ],
    "reviews": {
      "average": 4.42,
      "count": 641,
      "rounded": 4
    },
    "parent": {
      "product": "2575046",
      "partNumber": "10299526.P",
      "model": "10299526",
      "manufacturerModel": "4909399"
    },
    "images": {
      "thumbnail": "https://boots.scene7.com/is/image/Boots/10299526?wid=45&hei=60&op_sharpen=1"
    },
    "offers": [
      {
        "text": "Save up to 25 percent across selected Premium Beauty"
      }
    ],
    "actions": {},
    "iconUri": "https://boots.scene7.com/is/image/Boots/10299526?op_sharpen=1",
    "title": "Estée Lauder Tender Light Eau de Parfum Spray 40ml",
    "referenceUri": "/estee-laudertender-light-eau-de-parfum-spray-40ml-10299526",
    "canAddToBasket": "yes",
    "opticians": false,
    "inStock": true,
    "expressDelivery": false,
    "hasOtherPromotion": true,
    "channelPromotionalTextMap": {
      "-1": [
        "Save up to 25 percent across selected Premium Beauty"
      ],
      "-6": [
        "Save up to 25 percent across selected Premium Beauty"
      ]
    },
    "adCardPoints": 186
  },
  {
    "_id": {
      "$oid": "65ec108d9884656b92f55910"
    },
    "ppuQuantity": "50ML",
    "pricing": {
      "perUnit": "£104.00 per 100ML",
      "regular": {
        "value": 65,
        "currency": "GBP",
        "text": "£65.00"
      },
      "current": {
        "value": 52,
        "currency": "GBP",
        "text": "£52.00"
      },
      "saving": {
        "value": 13,
        "currency": "GBP",
        "text": "£13.00"
      }
    },
    "objectId": "2250052",
    "brand": "Moschino",
    "attributes": {
      "fragrance_scent": [
        "floral",
        "woody",
        "musk"
      ],
      "StockOverrideMessage": "STOCK_COMING_SOON",
      "size": "41-50",
      "gender": "womens",
      "fragrance_type": "eau de parfum",
      "hasPriceAdvantageDeal": false,
      "Reporting_Category": "fragrance",
      "ProductReviewFlag": "1"
    },
    "variants": {
      "colours": [],
      "hasColours": false,
      "hasSizes": false
    },
    "categories": [
      [
        {
          "name": "fragrance",
          "label": "fragrance"
        },
        {
          "name": "gift",
          "label": "gift"
        }
      ],
      [
        {
          "name": "perfume",
          "label": "fragrance > perfume"
        },
        {
          "name": "gifts for her",
          "label": "gift > gifts for her"
        }
      ],
      [
        {
          "name": "all perfumes",
          "label": "fragrance > perfume > all perfumes"
        },
        {
          "name": "musky perfume",
          "label": "fragrance > perfume > musky perfume"
        },
        {
          "name": "floral perfume",
          "label": "fragrance > perfume > floral perfume"
        },
        {
          "name": "all perfumes",
          "label": "gift > gifts for her > all perfumes"
        }
      ]
    ],
    "reviews": {
      "average": 4.4,
      "count": 467,
      "rounded": 4
    },
    "parent": {
      "product": "2250051",
      "partNumber": "10262586.P",
      "model": "10262586",
      "manufacturerModel": "8465282"
    },
    "images": {
      "thumbnail": "https://boots.scene7.com/is/image/Boots/10262586?wid=45&hei=60&op_sharpen=1"
    },
    "offers": [
      {
        "text": "Save up to 20 percent on selected fragrances"
      }
    ],
    "actions": {},
    "iconUri": "https://boots.scene7.com/is/image/Boots/10262586?op_sharpen=1",
    "title": "Moschino Toy 2 Eau de Parfum 50ml",
    "referenceUri": "/moschino-toy-2-eau-de-parfum-50ml-10262586",
    "canAddToBasket": "yes",
    "opticians": false,
    "inStock": true,
    "expressDelivery": false,
    "hasOtherPromotion": true,
    "channelPromotionalTextMap": {
      "-1": [
        "Save up to 20 percent on selected fragrances"
      ],
      "-6": [
        "Save up to 20 percent on selected fragrances"
      ]
    },
    "adCardPoints": 156
  },
  {
    "_id": {
      "$oid": "65ec108d9884656b92f55911"
    },
    "ppuQuantity": "75ML",
    "pricing": {
      "perUnit": "£126.93 per 100ML",
      "regular": {
        "value": 119,
        "currency": "GBP",
        "text": "£119.00"
      },
      "current": {
        "value": 95.2,
        "currency": "GBP",
        "text": "£95.20"
      },
      "saving": {
        "value": 23.8,
        "currency": "GBP",
        "text": "£23.80"
      }
    },
    "objectId": "2593601",
    "brand": "Tiffany",
    "attributes": {
      "fragrance_scent": "floral",
      "product_type": "gift set",
      "StockOverrideMessage": "STOCK_COMING_SOON",
      "gender": "womens",
      "fragrance_type": "eau de parfum",
      "format": "spray",
      "recipient": "gifts for women",
      "hasPriceAdvantageDeal": false,
      "Reporting_Category": "fragrance",
      "gift_type": "fragrance gift sets",
      "ProductReviewFlag": "1"
    },
    "variants": {
      "colours": [],
      "hasColours": false,
      "hasSizes": false
    },
    "categories": [
      [
        {
          "name": "gift",
          "label": "gift"
        },
        {
          "name": "fragrance",
          "label": "fragrance"
        },
        {
          "name": "mother's day",
          "label": "mother's day"
        },
        {
          "name": "beauty & skincare",
          "label": "beauty & skincare"
        }
      ],
      [
        {
          "name": "perfume",
          "label": "fragrance > perfume"
        },
        {
          "name": "gifts for her",
          "label": "gift > gifts for her"
        },
        {
          "name": "luxury fragrance",
          "label": "fragrance > luxury fragrance"
        },
        {
          "name": "shop all",
          "label": "mother's day > shop all"
        }
      ],
      [
        {
          "name": "all perfumes",
          "label": "fragrance > perfume > all perfumes"
        },
        {
          "name": "all perfumes",
          "label": "gift > gifts for her > all perfumes"
        }
      ]
    ],
    "reviews": {
      "average": 4.39,
      "count": 672,
      "rounded": 4
    },
    "parent": {
      "product": "2593600",
      "partNumber": "10300872.P",
      "model": "10300872",
      "manufacturerModel": "5519934"
    },
    "images": {
      "thumbnail": "https://boots.scene7.com/is/image/Boots/10300872?wid=45&hei=60&op_sharpen=1"
    },
    "offers": [
      {
        "text": "Save up to 20 percent on selected fragrances"
      }
    ],
    "actions": {},
    "iconUri": "https://boots.scene7.com/is/image/Boots/10300872?op_sharpen=1",
    "title": "Tiffany & Co. Rose Gold Eau de Parfum for Her 75ml",
    "referenceUri": "/tiffany-co-rose-gold-eau-de-parfum-for-her-75ml-10300872-",
    "canAddToBasket": "yes",
    "opticians": false,
    "inStock": true,
    "expressDelivery": false,
    "hasOtherPromotion": true,
    "channelPromotionalTextMap": {
      "-1": [
        "Save up to 20 percent on selected fragrances"
      ],
      "-6": [
        "Save up to 20 percent on selected fragrances"
      ]
    },
    "adCardPoints": 285
  },
  {
    "_id": {
      "$oid": "65ec108d9884656b92f55912"
    },
    "ppuQuantity": "50ML",
    "pricing": {
      "perUnit": "£129.20 per 100ML",
      "regular": {
        "value": 76,
        "currency": "GBP",
        "text": "£76.00"
      },
      "current": {
        "value": 64.6,
        "currency": "GBP",
        "text": "£64.60"
      },
      "saving": {
        "value": 11.4,
        "currency": "GBP",
        "text": "£11.40"
      }
    },
    "objectId": "1976925",
    "brand": "Dolce & Gabbana",
    "attributes": {
      "fragrance_scent": [
        "fruity",
        "floral"
      ],
      "size": "41-50",
      "StockOverrideMessage": "STOCK_COMING_SOON",
      "gender": "womens",
      "parentCategory_UK": "33071",
      "fragrance_type": "eau de parfum",
      "hasPriceAdvantageDeal": false,
      "Reporting_Category": "fragrance",
      "ProductReviewFlag": "1"
    },
    "variants": {
      "colours": [],
      "hasColours": false,
      "hasSizes": false
    },
    "categories": [
      [
        {
          "name": "sun & holiday",
          "label": "sun & holiday"
        },
        {
          "name": "fragrance",
          "label": "fragrance"
        },
        {
          "name": "gift",
          "label": "gift"
        }
      ],
      [
        {
          "name": "staycation essentials",
          "label": "sun & holiday > staycation essentials"
        },
        {
          "name": "perfume",
          "label": "fragrance > perfume"
        },
        {
          "name": "fragrance offers",
          "label": "fragrance > fragrance offers"
        },
        {
          "name": "gifts for her",
          "label": "gift > gifts for her"
        }
      ],
      [
        {
          "name": "all perfumes",
          "label": "fragrance > perfume > all perfumes"
        },
        {
          "name": "floral perfume",
          "label": "fragrance > perfume > floral perfume"
        },
        {
          "name": "save up to 20% on fragrance",
          "label": "fragrance > fragrance offers > save up to 20% on fragrance"
        },
        {
          "name": "all perfumes",
          "label": "gift > gifts for her > all perfumes"
        }
      ]
    ],
    "reviews": {
      "average": 4.39,
      "count": 51,
      "rounded": 4
    },
    "parent": {
      "product": "1976924",
      "partNumber": "10229696.P",
      "model": "10229696",
      "manufacturerModel": "6921809"
    },
    "images": {
      "thumbnail": "https://boots.scene7.com/is/image/Boots/10229696?wid=45&hei=60&op_sharpen=1"
    },
    "offers": [
      {
        "text": "Save up to 20 percent on selected fragrances"
      }
    ],
    "actions": {},
    "iconUri": "https://boots.scene7.com/is/image/Boots/10229696?op_sharpen=1",
    "title": "Dolce&Gabbana Light Blue Eau Intense Eau de Parfum 50ml",
    "referenceUri": "/dolce-gabbana-light-blue-eau-intense-eau-de-parfum-50ml-10229696",
    "canAddToBasket": "yes",
    "opticians": false,
    "inStock": true,
    "expressDelivery": false,
    "hasOtherPromotion": true,
    "channelPromotionalTextMap": {
      "-1": [
        "Save up to 20 percent on selected fragrances"
      ],
      "-6": [
        "Save up to 20 percent on selected fragrances"
      ]
    },
    "adCardPoints": 192
  },
  {
    "_id": {
      "$oid": "65ec108d9884656b92f55913"
    },
    "ppuQuantity": "50ML",
    "pricing": {
      "perUnit": "£184.00 per 100ML",
      "regular": {
        "value": 92,
        "currency": "GBP",
        "text": "£92.00"
      },
      "current": {
        "value": 92,
        "currency": "GBP",
        "text": "£92.00"
      }
    },
    "objectId": "2843593",
    "brand": "Narciso Rodriguez",
    "attributes": {
      "fragrance_scent": [
        "musk",
        "floral"
      ],
      "suitable_for": "vegan",
      "StockOverrideMessage": "STOCK_COMING_SOON",
      "size": "41-50",
      "gender": "womens",
      "fragrance_type": "eau de parfum",
      "format": "spray",
      "hasPriceAdvantageDeal": false,
      "ProductReviewFlag": "1"
    },
    "variants": {
      "colours": [],
      "hasColours": false,
      "hasSizes": false
    },
    "categories": [
      [
        {
          "name": "fragrance",
          "label": "fragrance"
        },
        {
          "name": "gift",
          "label": "gift"
        },
        {
          "name": "new in",
          "label": "new in"
        }
      ],
      [
        {
          "name": "perfume",
          "label": "fragrance > perfume"
        },
        {
          "name": "gifts for her",
          "label": "gift > gifts for her"
        },
        {
          "name": "new in fragrance",
          "label": "fragrance > new in fragrance"
        },
        {
          "name": "new in fragrance",
          "label": "new in > new in fragrance"
        }
      ],
      [
        {
          "name": "all perfumes",
          "label": "fragrance > perfume > all perfumes"
        },
        {
          "name": "musky perfume",
          "label": "fragrance > perfume > musky perfume"
        },
        {
          "name": "floral perfume",
          "label": "fragrance > perfume > floral perfume"
        },
        {
          "name": "all perfumes",
          "label": "gift > gifts for her > all perfumes"
        }
      ]
    ],
    "reviews": {
      "average": 4.37,
      "count": 1667,
      "rounded": 4
    },
    "parent": {
      "product": "2843592",
      "partNumber": "10329272.P",
      "model": "10329272",
      "manufacturerModel": "5589096"
    },
    "images": {
      "thumbnail": "https://boots.scene7.com/is/image/Boots/10329272?wid=45&hei=60&op_sharpen=1"
    },
    "offers": [
      {
        "text": "Free Narciso Rodriguez mirror and case when you buy selected fragrance - online only, whilst stocks last"
      },
      {
        "text": "Free gift when you buy selected Narciso Rodriguez - while stocks last"
      }
    ],
    "actions": {},
    "iconUri": "https://boots.scene7.com/is/image/Boots/10329272?op_sharpen=1",
    "title": "Narciso Rodriguez all of me Eau de Parfum 50ml",
    "referenceUri": "/narciso-rodriguez-all-of-me-eau-de-parfum-50ml-10329272",
    "canAddToBasket": "yes",
    "opticians": false,
    "inStock": true,
    "expressDelivery": false,
    "hasOtherPromotion": true,
    "channelPromotionalTextMap": {
      "-1": [
        "Free Narciso Rodriguez mirror and case when you buy selected fragrance - online only, whilst stocks last",
        "Free gift when you buy selected Narciso Rodriguez - while stocks last"
      ],
      "-6": [
        "Free Narciso Rodriguez mirror and case when you buy selected fragrance - online only, whilst stocks last",
        "Free gift when you buy selected Narciso Rodriguez - while stocks last"
      ]
    },
    "adCardPoints": 276
  },
  {
    "_id": {
      "$oid": "65ec108d9884656b92f55914"
    },
    "ppuQuantity": "50ML",
    "pricing": {
      "perUnit": "£140.00 per 100ML",
      "regular": {
        "value": 70,
        "currency": "GBP",
        "text": "£70.00"
      },
      "current": {
        "value": 70,
        "currency": "GBP",
        "text": "£70.00"
      }
    },
    "objectId": "1234701",
    "brand": "Versace",
    "attributes": {
      "fragrance_scent": [
        "amber",
        "floral",
        "fruity"
      ],
      "gender": "womens",
      "StockOverrideMessage": "STOCK_COMING_SOON",
      "size": "41-50",
      "Size": "50ml",
      "parentCategory_UK": "33071",
      "fragrance_type": "eau de toilette",
      "hasPriceAdvantageDeal": false,
      "Reporting_Category": "fragrance",
      "ProductReviewFlag": "1"
    },
    "variants": {
      "colours": [],
      "hasColours": false,
      "hasSizes": false
    },
    "categories": [
      [
        {
          "name": "fragrance",
          "label": "fragrance"
        },
        {
          "name": "gift",
          "label": "gift"
        }
      ],
      [
        {
          "name": "perfume",
          "label": "fragrance > perfume"
        },
        {
          "name": "gifts for her",
          "label": "gift > gifts for her"
        }
      ],
      [
        {
          "name": "all perfumes",
          "label": "fragrance > perfume > all perfumes"
        },
        {
          "name": "floral perfume",
          "label": "fragrance > perfume > floral perfume"
        },
        {
          "name": "amber perfume",
          "label": "fragrance > perfume > amber perfume"
        },
        {
          "name": "all perfumes",
          "label": "gift > gifts for her > all perfumes"
        }
      ]
    ],
    "reviews": {
      "average": 4.34,
      "count": 154,
      "rounded": 4
    },
    "parent": {
      "product": "1234700",
      "partNumber": "10132522.P",
      "model": "10132522",
      "manufacturerModel": "4267311"
    },
    "images": {
      "thumbnail": "https://boots.scene7.com/is/image/Boots/10132522?wid=45&hei=60&op_sharpen=1"
    },
    "offers": [],
    "actions": {},
    "iconUri": "https://boots.scene7.com/is/image/Boots/10132522?op_sharpen=1",
    "title": "Versace Yellow Diamond Eau de Toilette 50ml",
    "referenceUri": "/versace-yellow-diamond-eau-de-toilette-50ml",
    "canAddToBasket": "yes",
    "opticians": false,
    "inStock": true,
    "expressDelivery": false,
    "hasOtherPromotion": false,
    "channelPromotionalTextMap": {
      "-1": [],
      "-6": []
    },
    "adCardPoints": 210
  },
  {
    "_id": {
      "$oid": "65ec108d9884656b92f55915"
    },
    "ppuQuantity": "50ML",
    "pricing": {
      "perUnit": "£126.64 per 100ML",
      "regular": {
        "value": 74.5,
        "currency": "GBP",
        "text": "£74.50"
      },
      "current": {
        "value": 63.32,
        "currency": "GBP",
        "text": "£63.32"
      },
      "saving": {
        "value": 11.18,
        "currency": "GBP",
        "text": "£11.18"
      }
    },
    "objectId": "2515078",
    "brand": "Givenchy",
    "attributes": {
      "fragrance_scent": [
        "floral",
        "woody"
      ],
      "StockOverrideMessage": "STOCK_COMING_SOON",
      "size": "41-50",
      "gender": "womens",
      "fragrance_type": [
        "eau de parfum",
        "eau de toilette"
      ],
      "format": "spray",
      "hasPriceAdvantageDeal": false,
      "Reporting_Category": "fragrance",
      "ProductReviewFlag": "1"
    },
    "variants": {
      "colours": [],
      "hasColours": false,
      "hasSizes": false
    },
    "categories": [
      [
        {
          "name": "fragrance",
          "label": "fragrance"
        },
        {
          "name": "gift",
          "label": "gift"
        }
      ],
      [
        {
          "name": "perfume",
          "label": "fragrance > perfume"
        },
        {
          "name": "gifts for her",
          "label": "gift > gifts for her"
        }
      ],
      [
        {
          "name": "all perfumes",
          "label": "fragrance > perfume > all perfumes"
        },
        {
          "name": "floral perfume",
          "label": "fragrance > perfume > floral perfume"
        },
        {
          "name": "all perfumes",
          "label": "gift > gifts for her > all perfumes"
        }
      ]
    ],
    "reviews": {
      "average": 4.31,
      "count": 473,
      "rounded": 4
    },
    "parent": {
      "product": "2515077",
      "partNumber": "10293177.P",
      "model": "10293177",
      "manufacturerModel": "3107272"
    },
    "images": {
      "thumbnail": "https://boots.scene7.com/is/image/Boots/10293177?wid=45&hei=60&op_sharpen=1"
    },
    "offers": [
      {
        "text": "Save up to 20 percent on selected fragrances"
      }
    ],
    "actions": {},
    "iconUri": "https://boots.scene7.com/is/image/Boots/10293177?op_sharpen=1",
    "title": "Givenchy Irresistible Eau de Toilette 50ml",
    "referenceUri": "/irresistible-givenchy-eau-de-toilette-50ml-10293177",
    "canAddToBasket": "yes",
    "opticians": false,
    "inStock": true,
    "expressDelivery": false,
    "hasOtherPromotion": true,
    "channelPromotionalTextMap": {
      "-1": [
        "Save up to 20 percent on selected fragrances"
      ],
      "-6": [
        "Save up to 20 percent on selected fragrances"
      ]
    },
    "adCardPoints": 189
  },
  {
    "_id": {
      "$oid": "65ec108d9884656b92f55916"
    },
    "ppuQuantity": "30ML",
    "pricing": {
      "perUnit": "£110.00 per 100ML",
      "regular": {
        "value": 33,
        "currency": "GBP",
        "text": "£33.00"
      },
      "current": {
        "value": 33,
        "currency": "GBP",
        "text": "£33.00"
      }
    },
    "objectId": "2438463",
    "brand": "Ariana Grande",
    "attributes": {
      "fragrance_scent": [
        "musk",
        "woody",
        "floral"
      ],
      "size": "21-30",
      "gender": "womens",
      "StockOverrideMessage": "STOCK_COMING_SOON",
      "fragrance_type": "eau de parfum",
      "hasPriceAdvantageDeal": false,
      "Reporting_Category": "fragrance",
      "ProductReviewFlag": "1"
    },
    "variants": {
      "colours": [],
      "hasColours": false,
      "hasSizes": false
    },
    "categories": [
      [
        {
          "name": "fragrance",
          "label": "fragrance"
        },
        {
          "name": "gift",
          "label": "gift"
        }
      ],
      [
        {
          "name": "perfume",
          "label": "fragrance > perfume"
        },
        {
          "name": "gifts for her",
          "label": "gift > gifts for her"
        }
      ],
      [
        {
          "name": "all perfumes",
          "label": "fragrance > perfume > all perfumes"
        },
        {
          "name": "musky perfume",
          "label": "fragrance > perfume > musky perfume"
        },
        {
          "name": "floral perfume",
          "label": "fragrance > perfume > floral perfume"
        },
        {
          "name": "all perfumes",
          "label": "gift > gifts for her > all perfumes"
        }
      ]
    ],
    "reviews": {
      "average": 4.25,
      "count": 4,
      "rounded": 4
    },
    "parent": {
      "product": "2438462",
      "partNumber": "10286503.P",
      "model": "10286503",
      "manufacturerModel": "8986193"
    },
    "images": {
      "thumbnail": "https://boots.scene7.com/is/image/Boots/10286503?wid=45&hei=60&op_sharpen=1"
    },
    "offers": [],
    "actions": {},
    "iconUri": "https://boots.scene7.com/is/image/Boots/10286503?op_sharpen=1",
    "title": "Ariana Grande R.E.M. Eau de Parfum 30ml",
    "referenceUri": "/ariana-grande-edp-rem-30ml-10286503",
    "canAddToBasket": "yes",
    "opticians": false,
    "inStock": true,
    "expressDelivery": false,
    "hasOtherPromotion": false,
    "channelPromotionalTextMap": {
      "-1": [],
      "-6": []
    },
    "adCardPoints": 99
  },
  {
    "_id": {
      "$oid": "65ec108d9884656b92f55917"
    },
    "ppuQuantity": "50ML",
    "pricing": {
      "perUnit": "£130.00 per 100ML",
      "regular": {
        "value": 65,
        "currency": "GBP",
        "text": "£65.00"
      },
      "current": {
        "value": 65,
        "currency": "GBP",
        "text": "£65.00"
      }
    },
    "objectId": "2514425",
    "brand": "Kenzo",
    "attributes": {
      "fragrance_scent": "floral",
      "gender": "womens",
      "size": "21-30",
      "StockOverrideMessage": "STOCK_COMING_SOON",
      "format": "spray",
      "fragrance_type": "eau de toilette",
      "hasPriceAdvantageDeal": false,
      "Reporting_Category": "fragrance",
      "ProductReviewFlag": "1"
    },
    "variants": {
      "colours": [],
      "hasColours": false,
      "hasSizes": false
    },
    "categories": [
      [
        {
          "name": "fragrance",
          "label": "fragrance"
        },
        {
          "name": "gift",
          "label": "gift"
        }
      ],
      [
        {
          "name": "5* rated perfumes & aftershaves",
          "label": "fragrance > 5* rated perfumes & aftershaves"
        },
        {
          "name": "perfume",
          "label": "fragrance > perfume"
        },
        {
          "name": "gifts for her",
          "label": "gift > gifts for her"
        }
      ],
      [
        {
          "name": "all perfumes",
          "label": "fragrance > perfume > all perfumes"
        },
        {
          "name": "floral perfume",
          "label": "fragrance > perfume > floral perfume"
        },
        {
          "name": "all perfumes",
          "label": "gift > gifts for her > all perfumes"
        }
      ]
    ],
    "reviews": {
      "average": 4.2,
      "count": 186,
      "rounded": 4
    },
    "parent": {
      "product": "2514424",
      "partNumber": "10293041.P",
      "model": "10293041",
      "manufacturerModel": "3048136"
    },
    "images": {
      "thumbnail": "https://boots.scene7.com/is/image/Boots/10293041?wid=45&hei=60&op_sharpen=1"
    },
    "offers": [],
    "actions": {},
    "iconUri": "https://boots.scene7.com/is/image/Boots/10293041?op_sharpen=1",
    "title": "Flower By Kenzo Eau De Toilette 50ml",
    "referenceUri": "/flower-by-kenzo-eau-de-toilette-50ml-10293041",
    "canAddToBasket": "yes",
    "opticians": false,
    "inStock": true,
    "expressDelivery": false,
    "hasOtherPromotion": false,
    "channelPromotionalTextMap": {
      "-1": [],
      "-6": []
    },
    "adCardPoints": 195
  },
  {
    "_id": {
      "$oid": "65ec108d9884656b92f55918"
    },
    "ppuQuantity": "100ML",
    "pricing": {
      "perUnit": "£83.30 per 100ML",
      "regular": {
        "value": 98,
        "currency": "GBP",
        "text": "£98.00"
      },
      "current": {
        "value": 83.3,
        "currency": "GBP",
        "text": "£83.30"
      },
      "saving": {
        "value": 14.7,
        "currency": "GBP",
        "text": "£14.70"
      }
    },
    "objectId": "1779368",
    "brand": "Clinique",
    "attributes": {
      "fragrance_scent": [
        "fruity",
        "floral",
        "aromatic"
      ],
      "StockOverrideMessage": "STOCK_COMING_SOON",
      "size": "71-100",
      "parentCategory_UK": "33029",
      "format": "spray",
      "fragrance_type": [
        "eau de toilette",
        "eau de parfum"
      ],
      "hasPriceAdvantageDeal": false,
      "body_area": "body",
      "ProductReviewFlag": "1"
    },
    "variants": {
      "colours": [],
      "hasColours": false,
      "hasSizes": false
    },
    "categories": [
      [
        {
          "name": "fragrance",
          "label": "fragrance"
        },
        {
          "name": "beauty & skincare",
          "label": "beauty & skincare"
        },
        {
          "name": "gift",
          "label": "gift"
        }
      ],
      [
        {
          "name": "perfume",
          "label": "fragrance > perfume"
        },
        {
          "name": "premium beauty & skincare",
          "label": "beauty & skincare > premium beauty & skincare"
        },
        {
          "name": "gifts for her",
          "label": "gift > gifts for her"
        }
      ],
      [
        {
          "name": "save up to 25% across selected premium beauty and No7",
          "label": "beauty & skincare > premium beauty & skincare > save up to 25% across selected premium beauty and No7"
        },
        {
          "name": "all perfumes",
          "label": "fragrance > perfume > all perfumes"
        },
        {
          "name": "floral perfume",
          "label": "fragrance > perfume > floral perfume"
        },
        {
          "name": "all perfumes",
          "label": "gift > gifts for her > all perfumes"
        }
      ]
    ],
    "reviews": {
      "average": 4.1,
      "count": 10,
      "rounded": 4
    },
    "parent": {
      "product": "1779367",
      "partNumber": "10208931.P",
      "model": "10208931",
      "manufacturerModel": "6493130"
    },
    "images": {
      "thumbnail": "https://boots.scene7.com/is/image/Boots/10208931?wid=45&hei=60&op_sharpen=1"
    },
    "offers": [
      {
        "text": "Free gift when you spend £65 or more on selected Clinique - online only while stocks last"
      },
      {
        "text": "Save up to 25 percent across selected Premium Beauty"
      }
    ],
    "actions": {},
    "iconUri": "https://boots.scene7.com/is/image/Boots/10208931?op_sharpen=1",
    "title": "Clinique Aromatics in Black EDP 100ml",
    "referenceUri": "/clinique-aromatics-in-black-edp-100ml-10208931",
    "canAddToBasket": "yes",
    "opticians": false,
    "inStock": true,
    "expressDelivery": false,
    "hasOtherPromotion": true,
    "channelPromotionalTextMap": {
      "-1": [
        "Free gift when you spend £65 or more on selected Clinique - online only while stocks last",
        "Save up to 25 percent across selected Premium Beauty"
      ],
      "-6": [
        "Free gift when you spend £65 or more on selected Clinique - online only while stocks last",
        "Save up to 25 percent across selected Premium Beauty"
      ]
    },
    "adCardPoints": 249
  },
  {
    "_id": {
      "$oid": "65ec108d9884656b92f55919"
    },
    "ppuQuantity": "50ML",
    "pricing": {
      "perUnit": "£86.00 per 100ML",
      "regular": {
        "value": 43,
        "currency": "GBP",
        "text": "£43.00"
      },
      "current": {
        "value": 43,
        "currency": "GBP",
        "text": "£43.00"
      }
    },
    "objectId": "2308169",
    "brand": "Ariana Grande",
    "attributes": {
      "fragrance_scent": [
        "floral",
        "sweet",
        "musk"
      ],
      "StockOverrideMessage": "STOCK_COMING_SOON",
      "size": "41-50",
      "gender": "womens",
      "fragrance_type": [
        "eau de parfum",
        "eau de toilette"
      ],
      "hasPriceAdvantageDeal": false,
      "Reporting_Category": "fragrance",
      "ProductReviewFlag": "1"
    },
    "variants": {
      "colours": [],
      "hasColours": false,
      "hasSizes": false
    },
    "categories": [
      [
        {
          "name": "vegan",
          "label": "vegan"
        },
        {
          "name": "fragrance",
          "label": "fragrance"
        },
        {
          "name": "gift",
          "label": "gift"
        },
        {
          "name": "wellness",
          "label": "wellness"
        }
      ],
      [
        {
          "name": "vegan fragrance",
          "label": "vegan > vegan fragrance"
        },
        {
          "name": "perfume",
          "label": "fragrance > perfume"
        },
        {
          "name": "gifts for her",
          "label": "gift > gifts for her"
        },
        {
          "name": "vegan",
          "label": "wellness > vegan"
        },
        {
          "name": "celebrity fragrance",
          "label": "fragrance > celebrity fragrance"
        },
        {
          "name": "vegan fragrance",
          "label": "fragrance > vegan fragrance"
        },
        {
          "name": "all vegan products",
          "label": "wellness > all vegan products"
        },
        {
          "name": "all vegan products",
          "label": "vegan > all vegan products"
        }
      ],
      [
        {
          "name": "all perfumes",
          "label": "fragrance > perfume > all perfumes"
        },
        {
          "name": "musky perfume",
          "label": "fragrance > perfume > musky perfume"
        },
        {
          "name": "floral perfume",
          "label": "fragrance > perfume > floral perfume"
        },
        {
          "name": "all perfumes",
          "label": "gift > gifts for her > all perfumes"
        },
        {
          "name": "all vegan products",
          "label": "wellness > vegan > all vegan products"
        },
        {
          "name": "vegan fragrance",
          "label": "wellness > vegan > vegan fragrance"
        }
      ]
    ],
    "reviews": {
      "average": 4.06,
      "count": 51,
      "rounded": 4
    },
    "parent": {
      "product": "2308168",
      "partNumber": "10268926.P",
      "model": "10268926",
      "manufacturerModel": "8618216"
    },
    "images": {
      "thumbnail": "https://boots.scene7.com/is/image/Boots/10268926?wid=45&hei=60&op_sharpen=1"
    },
    "offers": [],
    "actions": {},
    "iconUri": "https://boots.scene7.com/is/image/Boots/10268926?op_sharpen=1",
    "title": "Ariana Grande Thank U, Next Eau de Parfum 50ml",
    "referenceUri": "/ariana-grande-thank-u-next-eau-de-parfum-50ml-10268926",
    "canAddToBasket": "yes",
    "opticians": false,
    "inStock": true,
    "expressDelivery": false,
    "hasOtherPromotion": false,
    "channelPromotionalTextMap": {
      "-1": [],
      "-6": []
    },
    "adCardPoints": 129
  },
  {
    "_id": {
      "$oid": "65ec108d9884656b92f5591a"
    },
    "ppuQuantity": "100ML",
    "pricing": {
      "perUnit": "£106.25 per 100ML",
      "regular": {
        "value": 125,
        "currency": "GBP",
        "text": "£125.00"
      },
      "current": {
        "value": 106.25,
        "currency": "GBP",
        "text": "£106.25"
      },
      "saving": {
        "value": 18.75,
        "currency": "GBP",
        "text": "£18.75"
      }
    },
    "objectId": "2870221",
    "brand": "Prada",
    "attributes": {
      "fragrance_scent": "woody",
      "product_type": [
        "perfume",
        "body spray"
      ],
      "gender": [
        "unisex",
        "womens"
      ],
      "StockOverrideMessage": "STOCK_COMING_SOON",
      "size": "71-100",
      "fragrance_type": "eau de parfum",
      "format": "spray",
      "hasPriceAdvantageDeal": false,
      "ProductReviewFlag": "1"
    },
    "variants": {
      "colours": [],
      "hasColours": false,
      "hasSizes": false
    },
    "categories": [
      [
        {
          "name": "fragrance",
          "label": "fragrance"
        },
        {
          "name": "gift",
          "label": "gift"
        },
        {
          "name": "new in",
          "label": "new in"
        }
      ],
      [
        {
          "name": "perfume",
          "label": "fragrance > perfume"
        },
        {
          "name": "gifts for her",
          "label": "gift > gifts for her"
        },
        {
          "name": "luxury fragrance",
          "label": "fragrance > luxury fragrance"
        },
        {
          "name": "new in fragrance",
          "label": "fragrance > new in fragrance"
        },
        {
          "name": "brands",
          "label": "fragrance > brands"
        },
        {
          "name": "new in fragrance",
          "label": "new in > new in fragrance"
        }
      ],
      [
        {
          "name": "all perfumes",
          "label": "fragrance > perfume > all perfumes"
        },
        {
          "name": "all perfumes",
          "label": "gift > gifts for her > all perfumes"
        }
      ]
    ],
    "reviews": {
      "average": 4.01,
      "count": 184,
      "rounded": 4
    },
    "parent": {
      "product": "2870220",
      "partNumber": "10333163.P",
      "model": "10333163",
      "manufacturerModel": "5763177"
    },
    "images": {
      "thumbnail": "https://boots.scene7.com/is/image/Boots/10333163?wid=45&hei=60&op_sharpen=1"
    },
    "offers": [
      {
        "text": "Save up to 20 percent on selected fragrances"
      }
    ],
    "actions": {},
    "iconUri": "https://boots.scene7.com/is/image/Boots/10333163?op_sharpen=1",
    "title": "Prada Infusion de Figue Eau de Parfum 100ml",
    "referenceUri": "/prada-infusion-de-figue-eau-de-parfum-100ml-10333163",
    "canAddToBasket": "yes",
    "opticians": false,
    "inStock": true,
    "expressDelivery": false,
    "hasOtherPromotion": true,
    "channelPromotionalTextMap": {
      "-1": [
        "Save up to 20 percent on selected fragrances"
      ],
      "-6": [
        "Save up to 20 percent on selected fragrances"
      ]
    },
    "adCardPoints": 318
  },
  {
    "_id": {
      "$oid": "65ec108d9884656b92f5591b"
    },
    "ppuQuantity": "100ML",
    "pricing": {
      "perUnit": "£76.80 per 100ML",
      "regular": {
        "value": 96,
        "currency": "GBP",
        "text": "£96.00"
      },
      "current": {
        "value": 76.8,
        "currency": "GBP",
        "text": "£76.80"
      },
      "saving": {
        "value": 19.2,
        "currency": "GBP",
        "text": "£19.20"
      }
    },
    "objectId": "1523736",
    "brand": "Burberry",
    "attributes": {
      "fragrance_scent": [
        "fruity",
        "vanilla",
        "sweet",
        "woody",
        "floral"
      ],
      "gender": "womens",
      "size": "71-100",
      "StockOverrideMessage": "STOCK_COMING_SOON",
      "Size": "100ml",
      "fragrance_type": "eau de parfum",
      "hasPriceAdvantageDeal": false,
      "Reporting_Category": "fragrance",
      "ProductReviewFlag": "1"
    },
    "variants": {
      "colours": [],
      "hasColours": false,
      "hasSizes": false
    },
    "categories": [
      [
        {
          "name": "fragrance",
          "label": "fragrance"
        },
        {
          "name": "gift",
          "label": "gift"
        }
      ],
      [
        {
          "name": "perfume",
          "label": "fragrance > perfume"
        },
        {
          "name": "gifts for her",
          "label": "gift > gifts for her"
        }
      ],
      [
        {
          "name": "all perfumes",
          "label": "fragrance > perfume > all perfumes"
        },
        {
          "name": "vanilla perfume",
          "label": "fragrance > perfume > vanilla perfume"
        },
        {
          "name": "floral perfume",
          "label": "fragrance > perfume > floral perfume"
        },
        {
          "name": "all perfumes",
          "label": "gift > gifts for her > all perfumes"
        }
      ]
    ],
    "reviews": {
      "average": 4,
      "count": 1,
      "rounded": 4
    },
    "parent": {
      "product": "1523735",
      "partNumber": "10181906.P",
      "model": "10181906",
      "manufacturerModel": "1917781"
    },
    "images": {
      "thumbnail": "https://boots.scene7.com/is/image/Boots/10181906?wid=45&hei=60&op_sharpen=1"
    },
    "offers": [
      {
        "text": "Save up to 20 percent on selected fragrances"
      }
    ],
    "actions": {},
    "iconUri": "https://boots.scene7.com/is/image/Boots/10181906?op_sharpen=1",
    "title": "Burberry Touch For Women Eau de Parfum 100ml",
    "referenceUri": "/burberry-touch-women-eau-de-parfum-100ml",
    "canAddToBasket": "yes",
    "opticians": false,
    "inStock": true,
    "expressDelivery": false,
    "hasOtherPromotion": true,
    "channelPromotionalTextMap": {
      "-1": [
        "Save up to 20 percent on selected fragrances"
      ],
      "-6": [
        "Save up to 20 percent on selected fragrances"
      ]
    },
    "adCardPoints": 228
  },
  {
    "_id": {
      "$oid": "65ec108d9884656b92f5591c"
    },
    "ppuQuantity": "40ML",
    "pricing": {
      "perUnit": "£156.00 per 100ML",
      "regular": {
        "value": 78,
        "currency": "GBP",
        "text": "£78.00"
      },
      "current": {
        "value": 62.4,
        "currency": "GBP",
        "text": "£62.40"
      },
      "saving": {
        "value": 15.6,
        "currency": "GBP",
        "text": "£15.60"
      }
    },
    "objectId": "2575055",
    "brand": "Estee Lauder",
    "attributes": {
      "fragrance_scent": "woody",
      "gender": "womens",
      "size": "31-40",
      "StockOverrideMessage": "STOCK_COMING_SOON",
      "format": "spray",
      "fragrance_type": "eau de parfum",
      "hasPriceAdvantageDeal": false,
      "Reporting_Category": "fragrance",
      "gift_type": "fragrance gifts",
      "ProductReviewFlag": "1"
    },
    "variants": {
      "colours": [],
      "hasColours": false,
      "hasSizes": false
    },
    "categories": [
      [
        {
          "name": "fragrance",
          "label": "fragrance"
        },
        {
          "name": "beauty & skincare",
          "label": "beauty & skincare"
        },
        {
          "name": "gift",
          "label": "gift"
        }
      ],
      [
        {
          "name": "perfume",
          "label": "fragrance > perfume"
        },
        {
          "name": "premium beauty & skincare",
          "label": "beauty & skincare > premium beauty & skincare"
        },
        {
          "name": "gifts for her",
          "label": "gift > gifts for her"
        }
      ],
      [
        {
          "name": "save up to 25% across selected premium beauty and No7",
          "label": "beauty & skincare > premium beauty & skincare > save up to 25% across selected premium beauty and No7"
        },
        {
          "name": "all perfumes",
          "label": "fragrance > perfume > all perfumes"
        },
        {
          "name": "all perfumes",
          "label": "gift > gifts for her > all perfumes"
        }
      ]
    ],
    "reviews": {
      "average": 3.96,
      "count": 55,
      "rounded": 3
    },
    "parent": {
      "product": "2575054",
      "partNumber": "10299530.P",
      "model": "10299530",
      "manufacturerModel": "4909585"
    },
    "images": {
      "thumbnail": "https://boots.scene7.com/is/image/Boots/10299530?wid=45&hei=60&op_sharpen=1"
    },
    "offers": [
      {
        "text": "Save up to 25 percent across selected Premium Beauty"
      }
    ],
    "actions": {},
    "iconUri": "https://boots.scene7.com/is/image/Boots/10299530?op_sharpen=1",
    "title": "Estée Lauder Blushing Sands Eau de Parfum Spray 40ml",
    "referenceUri": "/estee-lauder-blushing-sands-eau-de-parfum-spray-40ml-10299530",
    "canAddToBasket": "yes",
    "opticians": false,
    "inStock": true,
    "expressDelivery": false,
    "hasOtherPromotion": true,
    "channelPromotionalTextMap": {
      "-1": [
        "Save up to 25 percent across selected Premium Beauty"
      ],
      "-6": [
        "Save up to 25 percent across selected Premium Beauty"
      ]
    },
    "adCardPoints": 186
  },
  {
    "_id": {
      "$oid": "65ec108d9884656b92f5591d"
    },
    "ppuQuantity": "50ML",
    "pricing": {
      "perUnit": "£152.00 per 100ML",
      "regular": {
        "value": 95,
        "currency": "GBP",
        "text": "£95.00"
      },
      "current": {
        "value": 76,
        "currency": "GBP",
        "text": "£76.00"
      },
      "saving": {
        "value": 19,
        "currency": "GBP",
        "text": "£19.00"
      }
    },
    "objectId": "2566493",
    "brand": "Chloe",
    "attributes": {
      "fragrance_scent": [
        "woody",
        "floral"
      ],
      "suitable_for": "vegan",
      "StockOverrideMessage": "STOCK_COMING_SOON",
      "gender": "womens",
      "fragrance_type": "eau de parfum",
      "format": "spray",
      "hasPriceAdvantageDeal": false,
      "Reporting_Category": "fragrance",
      "ProductReviewFlag": "1"
    },
    "variants": {
      "colours": [],
      "hasColours": false,
      "hasSizes": false
    },
    "categories": [
      [
        {
          "name": "gift",
          "label": "gift"
        },
        {
          "name": "beauty & skincare",
          "label": "beauty & skincare"
        },
        {
          "name": "fragrance",
          "label": "fragrance"
        },
        {
          "name": "wellness",
          "label": "wellness"
        },
        {
          "name": "vegan",
          "label": "vegan"
        }
      ],
      [
        {
          "name": "premium beauty & skincare",
          "label": "beauty & skincare > premium beauty & skincare"
        },
        {
          "name": "perfume",
          "label": "fragrance > perfume"
        },
        {
          "name": "gifts for her",
          "label": "gift > gifts for her"
        },
        {
          "name": "vegan",
          "label": "wellness > vegan"
        },
        {
          "name": "luxury fragrance",
          "label": "fragrance > luxury fragrance"
        },
        {
          "name": "vegan fragrance",
          "label": "fragrance > vegan fragrance"
        },
        {
          "name": "all gifts",
          "label": "gift > all gifts"
        },
        {
          "name": "vegan fragrance",
          "label": "vegan > vegan fragrance"
        }
      ],
      [
        {
          "name": "premium beauty gifts",
          "label": "beauty & skincare > premium beauty & skincare > premium beauty gifts"
        },
        {
          "name": "all perfumes",
          "label": "fragrance > perfume > all perfumes"
        },
        {
          "name": "premium beauty gifts",
          "label": "gift > gifts for her > premium beauty gifts"
        },
        {
          "name": "all perfumes",
          "label": "gift > gifts for her > all perfumes"
        },
        {
          "name": "vegan fragrance",
          "label": "wellness > vegan > vegan fragrance"
        }
      ]
    ],
    "reviews": {
      "average": 3.95,
      "count": 351,
      "rounded": 3
    },
    "parent": {
      "product": "2566492",
      "partNumber": "10298601.P",
      "model": "10298601",
      "manufacturerModel": "4793269"
    },
    "images": {
      "thumbnail": "https://boots.scene7.com/is/image/Boots/10298601?wid=45&hei=60&op_sharpen=1"
    },
    "offers": [
      {
        "text": "Free gift when you buy selected Chloe fragrances - while stocks last"
      },
      {
        "text": "Save up to 20 percent on selected fragrances"
      }
    ],
    "actions": {},
    "iconUri": "https://boots.scene7.com/is/image/Boots/10298601?op_sharpen=1",
    "title": "Chloé Rose Naturelle Eau de Parfum 50ml",
    "referenceUri": "/chlo%C3%A9-eau-de-parfum-naturelle-for-her-50ml-10298602",
    "canAddToBasket": "yes",
    "opticians": false,
    "inStock": true,
    "expressDelivery": false,
    "hasOtherPromotion": true,
    "channelPromotionalTextMap": {
      "-1": [
        "Free gift when you buy selected Chloe fragrances - while stocks last",
        "Save up to 20 percent on selected fragrances"
      ],
      "-6": [
        "Free gift when you buy selected Chloe fragrances - while stocks last",
        "Save up to 20 percent on selected fragrances"
      ]
    },
    "adCardPoints": 228
  },
  {
    "_id": {
      "$oid": "65ec108d9884656b92f5591e"
    },
    "ppuQuantity": "100G",
    "pricing": {
      "perUnit": "£48.45 per 100G",
      "regular": {
        "value": 57,
        "currency": "GBP",
        "text": "£57.00"
      },
      "current": {
        "value": 48.45,
        "currency": "GBP",
        "text": "£48.45"
      },
      "saving": {
        "value": 8.55,
        "currency": "GBP",
        "text": "£8.55"
      }
    },
    "objectId": "2747131",
    "brand": "Christian Dior",
    "attributes": {
      "hasPriceAdvantageDeal": false,
      "product_type": "bubble bath",
      "StockOverrideMessage": "STOCK_COMING_SOON",
      "ProductReviewFlag": "1"
    },
    "variants": {
      "colours": [],
      "hasColours": false,
      "hasSizes": false
    },
    "categories": [
      [
        {
          "name": "new in",
          "label": "new in"
        },
        {
          "name": "beauty & skincare",
          "label": "beauty & skincare"
        },
        {
          "name": "fragrance",
          "label": "fragrance"
        },
        {
          "name": "toiletries",
          "label": "toiletries"
        },
        {
          "name": "gift",
          "label": "gift"
        }
      ],
      [
        {
          "name": "new in premium beauty & skincare",
          "label": "new in > new in premium beauty & skincare"
        },
        {
          "name": "premium beauty & skincare",
          "label": "beauty & skincare > premium beauty & skincare"
        },
        {
          "name": "perfume",
          "label": "fragrance > perfume"
        },
        {
          "name": "luxury bath & body",
          "label": "toiletries > luxury bath & body"
        },
        {
          "name": "gifts for her",
          "label": "gift > gifts for her"
        },
        {
          "name": "new in beauty & skincare",
          "label": "beauty & skincare > new in beauty & skincare"
        },
        {
          "name": "luxury gifts",
          "label": "gift > luxury gifts"
        },
        {
          "name": "new in beauty & skincare",
          "label": "new in > new in beauty & skincare"
        },
        {
          "name": "new in luxury bath & body",
          "label": "new in > new in luxury bath & body"
        }
      ],
      [
        {
          "name": "save up to 25% across selected premium beauty and No7",
          "label": "beauty & skincare > premium beauty & skincare > save up to 25% across selected premium beauty and No7"
        },
        {
          "name": "new in premium beauty & skincare",
          "label": "beauty & skincare > premium beauty & skincare > new in premium beauty & skincare"
        },
        {
          "name": "all perfumes",
          "label": "fragrance > perfume > all perfumes"
        },
        {
          "name": "floral perfume",
          "label": "fragrance > perfume > floral perfume"
        },
        {
          "name": "all luxury bath & body",
          "label": "toiletries > luxury bath & body > all luxury bath & body"
        },
        {
          "name": "new in luxury bath & body",
          "label": "toiletries > luxury bath & body > new in luxury bath & body"
        },
        {
          "name": "all luxury bath & body",
          "label": "gift > gifts for her > all luxury bath & body"
        },
        {
          "name": "all perfumes",
          "label": "gift > gifts for her > all perfumes"
        }
      ]
    ],
    "reviews": {
      "average": 3.83,
      "count": 6,
      "rounded": 3
    },
    "parent": {
      "product": "2747130",
      "partNumber": "10320415.P",
      "model": "10320415",
      "manufacturerModel": "4969391"
    },
    "images": {
      "thumbnail": "https://boots.scene7.com/is/image/Boots/10320415?wid=45&hei=60&op_sharpen=1"
    },
    "offers": [
      {
        "text": "Save up to 25 percent across selected Premium Beauty"
      }
    ],
    "actions": {},
    "iconUri": "https://boots.scene7.com/is/image/Boots/10320415?op_sharpen=1",
    "title": "DIOR Miss Dior Millefiori Couture Edition Bath Pearls 100g",
    "referenceUri": "/dior-miss-dior-millefiori-couture-edition-bath-pearls-100g-10320415",
    "canAddToBasket": "yes",
    "opticians": false,
    "inStock": true,
    "expressDelivery": false,
    "hasOtherPromotion": true,
    "channelPromotionalTextMap": {
      "-1": [
        "Save up to 25 percent across selected Premium Beauty"
      ],
      "-6": [
        "Save up to 25 percent across selected Premium Beauty"
      ]
    },
    "adCardPoints": 144
  },
  {
    "_id": {
      "$oid": "65ec108d9884656b92f5591f"
    },
    "ppuQuantity": "30ML",
    "pricing": {
      "perUnit": "£110.00 per 100ML",
      "regular": {
        "value": 33,
        "currency": "GBP",
        "text": "£33.00"
      },
      "current": {
        "value": 33,
        "currency": "GBP",
        "text": "£33.00"
      }
    },
    "objectId": "2597137",
    "brand": "Ariana Grande",
    "attributes": {
      "fragrance_scent": [
        "musk",
        "fruity"
      ],
      "size": "21-30",
      "StockOverrideMessage": "STOCK_COMING_SOON",
      "fragrance_type": "eau de parfum",
      "hasPriceAdvantageDeal": false,
      "Reporting_Category": "fragrance",
      "ProductReviewFlag": "1"
    },
    "variants": {
      "colours": [],
      "hasColours": false,
      "hasSizes": false
    },
    "categories": [
      [
        {
          "name": "fragrance",
          "label": "fragrance"
        },
        {
          "name": "gift",
          "label": "gift"
        }
      ],
      [
        {
          "name": "perfume",
          "label": "fragrance > perfume"
        },
        {
          "name": "gifts for her",
          "label": "gift > gifts for her"
        }
      ],
      [
        {
          "name": "all perfumes",
          "label": "fragrance > perfume > all perfumes"
        },
        {
          "name": "musky perfume",
          "label": "fragrance > perfume > musky perfume"
        },
        {
          "name": "all perfumes",
          "label": "gift > gifts for her > all perfumes"
        }
      ]
    ],
    "reviews": {
      "average": 3.75,
      "count": 12,
      "rounded": 3
    },
    "parent": {
      "product": "2597136",
      "partNumber": "10301035.P",
      "model": "10301035",
      "manufacturerModel": "5618088"
    },
    "images": {
      "thumbnail": "https://boots.scene7.com/is/image/Boots/10301035?wid=45&hei=60&op_sharpen=1"
    },
    "offers": [],
    "actions": {},
    "iconUri": "https://boots.scene7.com/is/image/Boots/10301035?op_sharpen=1",
    "title": "Ariana Grande God Is A Woman Eau de Parfum 30ml",
    "referenceUri": "/ariana-grande-god-is-a-woman-eau-de-parfum-30ml-10301035",
    "canAddToBasket": "yes",
    "opticians": false,
    "inStock": true,
    "expressDelivery": false,
    "hasOtherPromotion": false,
    "channelPromotionalTextMap": {
      "-1": [],
      "-6": []
    },
    "adCardPoints": 99
  },
  {
    "_id": {
      "$oid": "65ec108d9884656b92f55920"
    },
    "ppuQuantity": null,
    "pricing": {
      "perUnit": "",
      "regular": {
        "value": 12,
        "currency": "GBP",
        "text": "£12.00"
      },
      "current": {
        "value": 12,
        "currency": "GBP",
        "text": "£12.00"
      }
    },
    "objectId": "2425075",
    "brand": "Momento",
    "attributes": {
      "suitable_for": "vegan",
      "product_type": [
        "gift set",
        "gift set"
      ],
      "gender": "womens",
      "StockOverrideMessage": "STOCK_COMING_SOON",
      "format": "spray",
      "fragrance_type": "eau de toilette",
      "hasPriceAdvantageDeal": false,
      "ProductReviewFlag": "1"
    },
    "variants": {
      "colours": [],
      "hasColours": false,
      "hasSizes": false
    },
    "categories": [
      [
        {
          "name": "vegan",
          "label": "vegan"
        },
        {
          "name": "fragrance",
          "label": "fragrance"
        },
        {
          "name": "gift",
          "label": "gift"
        },
        {
          "name": "wellness",
          "label": "wellness"
        },
        {
          "name": "beauty & skincare",
          "label": "beauty & skincare"
        }
      ],
      [
        {
          "name": "vegan fragrance",
          "label": "vegan > vegan fragrance"
        },
        {
          "name": "perfume",
          "label": "fragrance > perfume"
        },
        {
          "name": "gifts for her",
          "label": "gift > gifts for her"
        },
        {
          "name": "vegan",
          "label": "wellness > vegan"
        },
        {
          "name": "vegan beauty",
          "label": "beauty & skincare > vegan beauty"
        },
        {
          "name": "fragrance offers",
          "label": "fragrance > fragrance offers"
        },
        {
          "name": "fragrance exclusives",
          "label": "fragrance > fragrance exclusives"
        },
        {
          "name": "vegan fragrance",
          "label": "fragrance > vegan fragrance"
        },
        {
          "name": "vegan beauty",
          "label": "vegan > vegan beauty"
        }
      ],
      [
        {
          "name": "all perfumes",
          "label": "fragrance > perfume > all perfumes"
        },
        {
          "name": "all perfumes",
          "label": "gift > gifts for her > all perfumes"
        },
        {
          "name": "vegan beauty",
          "label": "wellness > vegan > vegan beauty"
        },
        {
          "name": "vegan fragrance",
          "label": "wellness > vegan > vegan fragrance"
        }
      ]
    ],
    "reviews": {
      "average": 3.75,
      "count": 4,
      "rounded": 3
    },
    "parent": {
      "product": "2425074",
      "partNumber": "10283794.P",
      "model": "10283794",
      "manufacturerModel": "8945217"
    },
    "images": {
      "thumbnail": "https://boots.scene7.com/is/image/Boots/10283794?wid=45&hei=60&op_sharpen=1"
    },
    "offers": [],
    "actions": {},
    "iconUri": "https://boots.scene7.com/is/image/Boots/10283794?op_sharpen=1",
    "title": "Momento Discovery Set 4 x 6ml",
    "referenceUri": "/momento-discovery-set-eau-de-toilette-10283794p",
    "canAddToBasket": "yes",
    "opticians": false,
    "inStock": true,
    "expressDelivery": false,
    "hasOtherPromotion": false,
    "channelPromotionalTextMap": {
      "-1": [],
      "-6": []
    },
    "adCardPoints": 36
  },
  {
    "_id": {
      "$oid": "65ec108d9884656b92f55921"
    },
    "ppuQuantity": "100ML",
    "pricing": {
      "perUnit": "£96.90 per 100ML",
      "regular": {
        "value": 114,
        "currency": "GBP",
        "text": "£114.00"
      },
      "current": {
        "value": 96.9,
        "currency": "GBP",
        "text": "£96.90"
      },
      "saving": {
        "value": 17.1,
        "currency": "GBP",
        "text": "£17.10"
      }
    },
    "objectId": "1249856",
    "brand": "Christian Dior",
    "attributes": {
      "fragrance_scent": [
        "floral",
        "woody"
      ],
      "StockOverrideMessage": "STOCK_COMING_SOON",
      "size": "71-100",
      "Size": "100ml",
      "parentCategory_UK": "33037",
      "format": "spray",
      "fragrance_type": "eau de toilette",
      "hasPriceAdvantageDeal": false,
      "Reporting_Category": "fragrance",
      "body_area": "body",
      "ProductReviewFlag": "1"
    },
    "variants": {
      "colours": [],
      "hasColours": false,
      "hasSizes": false
    },
    "categories": [
      [
        {
          "name": "fragrance",
          "label": "fragrance"
        },
        {
          "name": "beauty & skincare",
          "label": "beauty & skincare"
        },
        {
          "name": "gift",
          "label": "gift"
        }
      ],
      [
        {
          "name": "perfume",
          "label": "fragrance > perfume"
        },
        {
          "name": "premium beauty & skincare",
          "label": "beauty & skincare > premium beauty & skincare"
        },
        {
          "name": "gifts for her",
          "label": "gift > gifts for her"
        }
      ],
      [
        {
          "name": "save up to 25% across selected premium beauty and No7",
          "label": "beauty & skincare > premium beauty & skincare > save up to 25% across selected premium beauty and No7"
        },
        {
          "name": "all perfumes",
          "label": "fragrance > perfume > all perfumes"
        },
        {
          "name": "floral perfume",
          "label": "fragrance > perfume > floral perfume"
        },
        {
          "name": "all perfumes",
          "label": "gift > gifts for her > all perfumes"
        }
      ]
    ],
    "reviews": {
      "average": 3.5,
      "count": 2,
      "rounded": 3
    },
    "parent": {
      "product": "1249855",
      "partNumber": "10136038.P",
      "model": "10136038",
      "manufacturerModel": "4937287"
    },
    "images": {
      "thumbnail": "https://boots.scene7.com/is/image/Boots/10136038?wid=45&hei=60&op_sharpen=1"
    },
    "offers": [
      {
        "text": "Save up to 25 percent across selected Premium Beauty"
      }
    ],
    "actions": {},
    "iconUri": "https://boots.scene7.com/is/image/Boots/10136038?op_sharpen=1",
    "title": "DIOR Diorling Eau De Toilette Spray 100ml",
    "referenceUri": "/dior-diorling-eau-de-toilette-spray-100ml-10136038",
    "canAddToBasket": "yes",
    "opticians": false,
    "inStock": true,
    "expressDelivery": false,
    "hasOtherPromotion": true,
    "channelPromotionalTextMap": {
      "-1": [
        "Save up to 25 percent across selected Premium Beauty"
      ],
      "-6": [
        "Save up to 25 percent across selected Premium Beauty"
      ]
    },
    "adCardPoints": 288
  },
  {
    "_id": {
      "$oid": "65ec108d9884656b92f55922"
    },
    "ppuQuantity": "50ML",
    "pricing": {
      "perUnit": "£151.30 per 100ML",
      "regular": {
        "value": 89,
        "currency": "GBP",
        "text": "£89.00"
      },
      "current": {
        "value": 75.65,
        "currency": "GBP",
        "text": "£75.65"
      },
      "saving": {
        "value": 13.35,
        "currency": "GBP",
        "text": "£13.35"
      }
    },
    "objectId": "2635609",
    "brand": "Estee Lauder",
    "attributes": {
      "fragrance_scent": [
        "floral",
        "chypre"
      ],
      "StockOverrideMessage": "STOCK_COMING_SOON",
      "size": "71-100",
      "fragrance_type": "eau de parfum",
      "format": "spray",
      "hasPriceAdvantageDeal": false,
      "Reporting_Category": "fragrance",
      "gift_type": "fragrance gifts",
      "ProductReviewFlag": "1"
    },
    "variants": {
      "colours": [],
      "hasColours": false,
      "hasSizes": false
    },
    "categories": [
      [
        {
          "name": "new in",
          "label": "new in"
        },
        {
          "name": "fragrance",
          "label": "fragrance"
        },
        {
          "name": "gift",
          "label": "gift"
        }
      ],
      [
        {
          "name": "new in fragrance",
          "label": "new in > new in fragrance"
        },
        {
          "name": "perfume",
          "label": "fragrance > perfume"
        },
        {
          "name": "gifts for her",
          "label": "gift > gifts for her"
        },
        {
          "name": "new in fragrance",
          "label": "fragrance > new in fragrance"
        },
        {
          "name": "Eid gifts",
          "label": "gift > Eid gifts"
        }
      ],
      [
        {
          "name": "all perfumes",
          "label": "fragrance > perfume > all perfumes"
        },
        {
          "name": "floral perfume",
          "label": "fragrance > perfume > floral perfume"
        },
        {
          "name": "all perfumes",
          "label": "gift > gifts for her > all perfumes"
        }
      ]
    ],
    "reviews": {
      "average": 3.4,
      "count": 25,
      "rounded": 3
    },
    "parent": {
      "product": "2635608",
      "partNumber": "10306015.P",
      "model": "10306015",
      "manufacturerModel": "8996741"
    },
    "images": {
      "thumbnail": "https://boots.scene7.com/is/image/Boots/10306015?wid=45&hei=60&op_sharpen=1"
    },
    "offers": [
      {
        "text": "Save up to 20 percent on selected fragrances"
      }
    ],
    "actions": {},
    "iconUri": "https://boots.scene7.com/is/image/Boots/10306015?op_sharpen=1",
    "title": "Estée Lauder Beautiful Magnolia Intense Eau de Parfum 50ml",
    "referenceUri": "/estee-lauder-beautiful-magnolia-intense-eau-de-parfum-50ml-10306015",
    "canAddToBasket": "yes",
    "opticians": false,
    "inStock": true,
    "expressDelivery": false,
    "hasOtherPromotion": true,
    "channelPromotionalTextMap": {
      "-1": [
        "Save up to 20 percent on selected fragrances"
      ],
      "-6": [
        "Save up to 20 percent on selected fragrances"
      ]
    },
    "adCardPoints": 225
  },
  {
    "_id": {
      "$oid": "65ec108d9884656b92f55923"
    },
    "ppuQuantity": "50ML",
    "pricing": {
      "perUnit": "£161.50 per 100ML",
      "regular": {
        "value": 95,
        "currency": "GBP",
        "text": "£95.00"
      },
      "current": {
        "value": 80.75,
        "currency": "GBP",
        "text": "£80.75"
      },
      "saving": {
        "value": 14.25,
        "currency": "GBP",
        "text": "£14.25"
      }
    },
    "objectId": "2881224",
    "brand": "Hermes",
    "attributes": {
      "fragrance_scent": [
        "floral",
        "fruity"
      ],
      "product_type": "body spray",
      "gender": "womens",
      "size": "41-50",
      "StockOverrideMessage": "STOCK_COMING_SOON",
      "format": "spray",
      "fragrance_type": "eau de parfum",
      "hasPriceAdvantageDeal": false,
      "ProductReviewFlag": "1"
    },
    "variants": {
      "colours": [],
      "hasColours": false,
      "hasSizes": false
    },
    "categories": [
      [
        {
          "name": "fragrance",
          "label": "fragrance"
        },
        {
          "name": "gift",
          "label": "gift"
        },
        {
          "name": "new in",
          "label": "new in"
        }
      ],
      [
        {
          "name": "perfume",
          "label": "fragrance > perfume"
        },
        {
          "name": "gifts for her",
          "label": "gift > gifts for her"
        },
        {
          "name": "luxury fragrance",
          "label": "fragrance > luxury fragrance"
        },
        {
          "name": "new in fragrance",
          "label": "fragrance > new in fragrance"
        },
        {
          "name": "brands",
          "label": "fragrance > brands"
        },
        {
          "name": "new in fragrance",
          "label": "new in > new in fragrance"
        }
      ],
      [
        {
          "name": "all perfumes",
          "label": "fragrance > perfume > all perfumes"
        },
        {
          "name": "floral perfume",
          "label": "fragrance > perfume > floral perfume"
        },
        {
          "name": "all perfumes",
          "label": "gift > gifts for her > all perfumes"
        }
      ]
    ],
    "reviews": {
      "average": 3.16,
      "count": 194,
      "rounded": 3
    },
    "parent": {
      "product": "2881223",
      "partNumber": "10334290.P",
      "model": "10334290",
      "manufacturerModel": "5785189"
    },
    "images": {
      "thumbnail": "https://boots.scene7.com/is/image/Boots/10334290?wid=45&hei=60&op_sharpen=1"
    },
    "offers": [
      {
        "text": "Free gift when you buy selected Hermes fragrance - online only, whilst stocks last"
      },
      {
        "text": "Free gift when you buy selected Hermes fragrance - online only, whilst stocks last"
      },
      {
        "text": "Save up to 20 percent on selected fragrances"
      }
    ],
    "actions": {},
    "iconUri": "https://boots.scene7.com/is/image/Boots/10334290?op_sharpen=1",
    "title": "Hermes Tutti Twilly d'Hermès Eau de Parfum 50ml",
    "referenceUri": "/hermes-tutti-twilly-dherm%C3%A8s-eau-de-parfum-50ml-10334290",
    "canAddToBasket": "yes",
    "opticians": false,
    "inStock": true,
    "expressDelivery": false,
    "hasOtherPromotion": true,
    "channelPromotionalTextMap": {
      "-1": [
        "Free gift when you buy selected Hermes fragrance - online only, whilst stocks last",
        "Free gift when you buy selected Hermes fragrance - online only, whilst stocks last",
        "Save up to 20 percent on selected fragrances"
      ],
      "-6": [
        "Free gift when you buy selected Hermes fragrance - online only, whilst stocks last",
        "Free gift when you buy selected Hermes fragrance - online only, whilst stocks last",
        "Save up to 20 percent on selected fragrances"
      ]
    },
    "adCardPoints": 240
  },
  {
    "_id": {
      "$oid": "65ec108d9884656b92f55924"
    },
    "ppuQuantity": "50ML",
    "pricing": {
      "perUnit": "£141.10 per 100ML",
      "regular": {
        "value": 83,
        "currency": "GBP",
        "text": "£83.00"
      },
      "current": {
        "value": 70.55,
        "currency": "GBP",
        "text": "£70.55"
      },
      "saving": {
        "value": 12.45,
        "currency": "GBP",
        "text": "£12.45"
      }
    },
    "objectId": "2930127",
    "brand": "Hermes",
    "attributes": {
      "size": "41-50",
      "gender": "mens",
      "StockOverrideMessage": "STOCK_COMING_SOON",
      "fragrance_type": "eau de parfum",
      "hasPriceAdvantageDeal": false,
      "ProductReviewFlag": "1"
    },
    "variants": {
      "colours": [],
      "hasColours": false,
      "hasSizes": false
    },
    "categories": [
      [
        {
          "name": "fragrance",
          "label": "fragrance"
        },
        {
          "name": "gift",
          "label": "gift"
        },
        {
          "name": "new in",
          "label": "new in"
        }
      ],
      [
        {
          "name": "perfume",
          "label": "fragrance > perfume"
        },
        {
          "name": "gifts for her",
          "label": "gift > gifts for her"
        },
        {
          "name": "new in fragrance",
          "label": "fragrance > new in fragrance"
        },
        {
          "name": "new in fragrance",
          "label": "new in > new in fragrance"
        }
      ],
      [
        {
          "name": "all perfumes",
          "label": "fragrance > perfume > all perfumes"
        },
        {
          "name": "perfume refill bottles",
          "label": "fragrance > perfume > perfume refill bottles"
        },
        {
          "name": "all perfumes",
          "label": "gift > gifts for her > all perfumes"
        }
      ]
    ],
    "reviews": {
      "average": null,
      "count": null,
      "rounded": null
    },
    "parent": {
      "product": "2930126",
      "partNumber": "10339818.P",
      "model": "10339818",
      "manufacturerModel": "2241285"
    },
    "images": {
      "thumbnail": "https://boots.scene7.com/is/image/Boots/10339818?wid=45&hei=60&op_sharpen=1"
    },
    "offers": [
      {
        "text": "Save up to 20 percent on selected fragrances"
      }
    ],
    "actions": {},
    "iconUri": "https://boots.scene7.com/is/image/Boots/10339818?op_sharpen=1",
    "title": "Hermes H24 Herbes Vives Eau de Parfum 50ml",
    "referenceUri": "/hermes-h24-herbes-vives-eau-de-parfum-50ml-10339818",
    "canAddToBasket": "yes",
    "opticians": false,
    "inStock": true,
    "expressDelivery": false,
    "hasOtherPromotion": true,
    "channelPromotionalTextMap": {
      "-1": [
        "Save up to 20 percent on selected fragrances"
      ],
      "-6": [
        "Save up to 20 percent on selected fragrances"
      ]
    },
    "adCardPoints": 210
  },
  {
    "_id": {
      "$oid": "65ec108d9884656b92f55925"
    },
    "ppuQuantity": "100ML",
    "pricing": {
      "perUnit": "£63.75 per 100ML",
      "regular": {
        "value": 75,
        "currency": "GBP",
        "text": "£75.00"
      },
      "current": {
        "value": 63.75,
        "currency": "GBP",
        "text": "£63.75"
      },
      "saving": {
        "value": 11.25,
        "currency": "GBP",
        "text": "£11.25"
      }
    },
    "objectId": "2849173",
    "brand": "Clinique",
    "attributes": {
      "fragrance_scent": "floral",
      "product_type": "perfume",
      "StockOverrideMessage": "STOCK_COMING_SOON",
      "gender": "womens",
      "size": "71-100",
      "fragrance_type": "eau de parfum",
      "hasPriceAdvantageDeal": false,
      "ProductReviewFlag": "1"
    },
    "variants": {
      "colours": [],
      "hasColours": false,
      "hasSizes": false
    },
    "categories": [
      [
        {
          "name": "fragrance",
          "label": "fragrance"
        },
        {
          "name": "beauty & skincare",
          "label": "beauty & skincare"
        },
        {
          "name": "gift",
          "label": "gift"
        }
      ],
      [
        {
          "name": "brands",
          "label": "fragrance > brands"
        },
        {
          "name": "premium beauty & skincare",
          "label": "beauty & skincare > premium beauty & skincare"
        },
        {
          "name": "perfume",
          "label": "fragrance > perfume"
        },
        {
          "name": "gifts for her",
          "label": "gift > gifts for her"
        }
      ],
      [
        {
          "name": "save up to 25% across selected premium beauty and No7",
          "label": "beauty & skincare > premium beauty & skincare > save up to 25% across selected premium beauty and No7"
        },
        {
          "name": "all perfumes",
          "label": "fragrance > perfume > all perfumes"
        },
        {
          "name": "all perfumes",
          "label": "gift > gifts for her > all perfumes"
        }
      ]
    ],
    "reviews": {
      "average": null,
      "count": null,
      "rounded": null
    },
    "parent": {
      "product": "2849172",
      "partNumber": "10330158.P",
      "model": "10330158",
      "manufacturerModel": "5708508"
    },
    "images": {
      "thumbnail": "https://boots.scene7.com/is/image/Boots/10330158?wid=45&hei=60&op_sharpen=1"
    },
    "offers": [
      {
        "text": "Free gift when you spend £65 or more on selected Clinique - online only while stocks last"
      },
      {
        "text": "Save up to 25 percent across selected Premium Beauty"
      }
    ],
    "actions": {},
    "iconUri": "https://boots.scene7.com/is/image/Boots/10330158?op_sharpen=1",
    "title": "Clinique My Happy™ Peony Picnic 100ml",
    "referenceUri": "/clinique-clinique-my-happy%E2%84%A2-peony-picnic-100ml-10330158",
    "canAddToBasket": "yes",
    "opticians": false,
    "inStock": true,
    "expressDelivery": false,
    "hasOtherPromotion": true,
    "channelPromotionalTextMap": {
      "-1": [
        "Free gift when you spend £65 or more on selected Clinique - online only while stocks last",
        "Save up to 25 percent across selected Premium Beauty"
      ],
      "-6": [
        "Free gift when you spend £65 or more on selected Clinique - online only while stocks last",
        "Save up to 25 percent across selected Premium Beauty"
      ]
    },
    "adCardPoints": 189
  },
  {
    "_id": {
      "$oid": "65ec108d9884656b92f55926"
    },
    "ppuQuantity": "85ML",
    "pricing": {
      "perUnit": "£130.00 per 100ML",
      "regular": {
        "value": 130,
        "currency": "GBP",
        "text": "£130.00"
      },
      "current": {
        "value": 110.5,
        "currency": "GBP",
        "text": "£110.50"
      },
      "saving": {
        "value": 19.5,
        "currency": "GBP",
        "text": "£19.50"
      }
    },
    "objectId": "2881226",
    "brand": "Hermes",
    "attributes": {
      "fragrance_scent": [
        "fruity",
        "floral"
      ],
      "product_type": "body spray",
      "size": "71-100",
      "gender": "womens",
      "StockOverrideMessage": "STOCK_COMING_SOON",
      "format": "spray",
      "fragrance_type": "eau de parfum",
      "hasPriceAdvantageDeal": false,
      "ProductReviewFlag": "1"
    },
    "variants": {
      "colours": [],
      "hasColours": false,
      "hasSizes": false
    },
    "categories": [
      [
        {
          "name": "fragrance",
          "label": "fragrance"
        },
        {
          "name": "gift",
          "label": "gift"
        },
        {
          "name": "new in",
          "label": "new in"
        }
      ],
      [
        {
          "name": "perfume",
          "label": "fragrance > perfume"
        },
        {
          "name": "gifts for her",
          "label": "gift > gifts for her"
        },
        {
          "name": "luxury fragrance",
          "label": "fragrance > luxury fragrance"
        },
        {
          "name": "new in fragrance",
          "label": "fragrance > new in fragrance"
        },
        {
          "name": "brands",
          "label": "fragrance > brands"
        },
        {
          "name": "new in fragrance",
          "label": "new in > new in fragrance"
        }
      ],
      [
        {
          "name": "all perfumes",
          "label": "fragrance > perfume > all perfumes"
        },
        {
          "name": "floral perfume",
          "label": "fragrance > perfume > floral perfume"
        },
        {
          "name": "all perfumes",
          "label": "gift > gifts for her > all perfumes"
        }
      ]
    ],
    "reviews": {
      "average": 5,
      "count": 1,
      "rounded": 5
    },
    "parent": {
      "product": "2881225",
      "partNumber": "10334291.P",
      "model": "10334291",
      "manufacturerModel": "5785197"
    },
    "images": {
      "thumbnail": "https://boots.scene7.com/is/image/Boots/10334291?wid=45&hei=60&op_sharpen=1"
    },
    "offers": [
      {
        "text": "Free gift when you buy selected Hermes fragrance - online only, whilst stocks last"
      },
      {
        "text": "Free gift when you buy selected Hermes fragrance - online only, whilst stocks last"
      },
      {
        "text": "Save up to 20 percent on selected fragrances"
      }
    ],
    "actions": {},
    "iconUri": "https://boots.scene7.com/is/image/Boots/10334291?op_sharpen=1",
    "title": "Hermes Tutti Twilly d'Hermès Eau de Parfum 85ml",
    "referenceUri": "/hermes-tutti-twilly-dherm%C3%A8s-eau-de-parfum-85ml-10334291",
    "canAddToBasket": "yes",
    "opticians": false,
    "inStock": true,
    "expressDelivery": false,
    "hasOtherPromotion": true,
    "channelPromotionalTextMap": {
      "-1": [
        "Free gift when you buy selected Hermes fragrance - online only, whilst stocks last",
        "Free gift when you buy selected Hermes fragrance - online only, whilst stocks last",
        "Save up to 20 percent on selected fragrances"
      ],
      "-6": [
        "Free gift when you buy selected Hermes fragrance - online only, whilst stocks last",
        "Free gift when you buy selected Hermes fragrance - online only, whilst stocks last",
        "Save up to 20 percent on selected fragrances"
      ]
    },
    "adCardPoints": 330
  },
  {
    "_id": {
      "$oid": "65ec108d9884656b92f55927"
    },
    "ppuQuantity": "100ML",
    "pricing": {
      "perUnit": "£114.75 per 100ML",
      "regular": {
        "value": 135,
        "currency": "GBP",
        "text": "£135.00"
      },
      "current": {
        "value": 114.75,
        "currency": "GBP",
        "text": "£114.75"
      },
      "saving": {
        "value": 20.25,
        "currency": "GBP",
        "text": "£20.25"
      }
    },
    "objectId": "2870213",
    "brand": "Prada",
    "attributes": {
      "fragrance_scent": "woody",
      "product_type": "perfume",
      "gender": "unisex",
      "StockOverrideMessage": "STOCK_COMING_SOON",
      "size": "71-100",
      "fragrance_type": "eau de parfum",
      "format": "spray",
      "hasPriceAdvantageDeal": false,
      "ProductReviewFlag": "1"
    },
    "variants": {
      "colours": [],
      "hasColours": false,
      "hasSizes": false
    },
    "categories": [
      [
        {
          "name": "new in",
          "label": "new in"
        },
        {
          "name": "fragrance",
          "label": "fragrance"
        },
        {
          "name": "gift",
          "label": "gift"
        }
      ],
      [
        {
          "name": "perfume",
          "label": "fragrance > perfume"
        },
        {
          "name": "gifts for her",
          "label": "gift > gifts for her"
        },
        {
          "name": "luxury fragrance",
          "label": "fragrance > luxury fragrance"
        },
        {
          "name": "new in fragrance",
          "label": "fragrance > new in fragrance"
        },
        {
          "name": "brands",
          "label": "fragrance > brands"
        },
        {
          "name": "new in fragrance",
          "label": "new in > new in fragrance"
        }
      ],
      [
        {
          "name": "all perfumes",
          "label": "fragrance > perfume > all perfumes"
        },
        {
          "name": "all perfumes",
          "label": "gift > gifts for her > all perfumes"
        }
      ]
    ],
    "reviews": {
      "average": 5,
      "count": 1,
      "rounded": 5
    },
    "parent": {
      "product": "2870212",
      "partNumber": "10333160.P",
      "model": "10333160",
      "manufacturerModel": "5763142"
    },
    "images": {
      "thumbnail": "https://boots.scene7.com/is/image/Boots/10333160?wid=45&hei=60&op_sharpen=1"
    },
    "offers": [
      {
        "text": "Save up to 20 percent on selected fragrances"
      }
    ],
    "actions": {},
    "iconUri": "https://boots.scene7.com/is/image/Boots/10333160?op_sharpen=1",
    "title": "Prada Infusion de Cèdre Eau de Parfum 100ml",
    "referenceUri": "/prada-infusion-de-c%C3%A8dre-eau-de-parfum-100ml-10333160",
    "canAddToBasket": "yes",
    "opticians": false,
    "inStock": true,
    "expressDelivery": false,
    "hasOtherPromotion": true,
    "channelPromotionalTextMap": {
      "-1": [
        "Save up to 20 percent on selected fragrances"
      ],
      "-6": [
        "Save up to 20 percent on selected fragrances"
      ]
    },
    "adCardPoints": 342
  },
  {
    "_id": {
      "$oid": "65ec108d9884656b92f55928"
    },
    "ppuQuantity": "100ML",
    "pricing": {
      "perUnit": "£106.25 per 100ML",
      "regular": {
        "value": 125,
        "currency": "GBP",
        "text": "£125.00"
      },
      "current": {
        "value": 106.25,
        "currency": "GBP",
        "text": "£106.25"
      },
      "saving": {
        "value": 18.75,
        "currency": "GBP",
        "text": "£18.75"
      }
    },
    "objectId": "2870207",
    "brand": "Prada",
    "attributes": {
      "fragrance_scent": "woody",
      "product_type": "perfume",
      "gender": "unisex",
      "StockOverrideMessage": "STOCK_COMING_SOON",
      "size": "71-100",
      "fragrance_type": "eau de parfum",
      "format": "spray",
      "hasPriceAdvantageDeal": false,
      "ProductReviewFlag": "1"
    },
    "variants": {
      "colours": [],
      "hasColours": false,
      "hasSizes": false
    },
    "categories": [
      [
        {
          "name": "new in",
          "label": "new in"
        },
        {
          "name": "fragrance",
          "label": "fragrance"
        },
        {
          "name": "gift",
          "label": "gift"
        }
      ],
      [
        {
          "name": "perfume",
          "label": "fragrance > perfume"
        },
        {
          "name": "gifts for her",
          "label": "gift > gifts for her"
        },
        {
          "name": "luxury fragrance",
          "label": "fragrance > luxury fragrance"
        },
        {
          "name": "new in fragrance",
          "label": "fragrance > new in fragrance"
        },
        {
          "name": "brands",
          "label": "fragrance > brands"
        },
        {
          "name": "new in fragrance",
          "label": "new in > new in fragrance"
        }
      ],
      [
        {
          "name": "all perfumes",
          "label": "fragrance > perfume > all perfumes"
        },
        {
          "name": "all perfumes",
          "label": "gift > gifts for her > all perfumes"
        }
      ]
    ],
    "reviews": {
      "average": 5,
      "count": 2,
      "rounded": 5
    },
    "parent": {
      "product": "2870206",
      "partNumber": "10333157.P",
      "model": "10333157",
      "manufacturerModel": "5763118"
    },
    "images": {
      "thumbnail": "https://boots.scene7.com/is/image/Boots/10333157?wid=45&hei=60&op_sharpen=1"
    },
    "offers": [
      {
        "text": "Save up to 20 percent on selected fragrances"
      }
    ],
    "actions": {},
    "iconUri": "https://boots.scene7.com/is/image/Boots/10333157?op_sharpen=1",
    "title": "Prada Infusion Vetiver Eau de Parfum 100ml",
    "referenceUri": "/prada-infusion-vetiver-eau-de-parfum-100ml-10333157",
    "canAddToBasket": "yes",
    "opticians": false,
    "inStock": true,
    "expressDelivery": false,
    "hasOtherPromotion": true,
    "channelPromotionalTextMap": {
      "-1": [
        "Save up to 20 percent on selected fragrances"
      ],
      "-6": [
        "Save up to 20 percent on selected fragrances"
      ]
    },
    "adCardPoints": 318
  },
  {
    "_id": {
      "$oid": "65ec108d9884656b92f55929"
    },
    "ppuQuantity": "100ML",
    "pricing": {
      "perUnit": "£114.75 per 100ML",
      "regular": {
        "value": 135,
        "currency": "GBP",
        "text": "£135.00"
      },
      "current": {
        "value": 114.75,
        "currency": "GBP",
        "text": "£114.75"
      },
      "saving": {
        "value": 20.25,
        "currency": "GBP",
        "text": "£20.25"
      }
    },
    "objectId": "2870205",
    "brand": "Prada",
    "attributes": {
      "fragrance_scent": "floral",
      "product_type": "perfume",
      "gender": "unisex",
      "StockOverrideMessage": "STOCK_COMING_SOON",
      "size": "71-100",
      "fragrance_type": "eau de parfum",
      "format": "spray",
      "hasPriceAdvantageDeal": false,
      "ProductReviewFlag": "1"
    },
    "variants": {
      "colours": [],
      "hasColours": false,
      "hasSizes": false
    },
    "categories": [
      [
        {
          "name": "new in",
          "label": "new in"
        },
        {
          "name": "fragrance",
          "label": "fragrance"
        },
        {
          "name": "gift",
          "label": "gift"
        }
      ],
      [
        {
          "name": "perfume",
          "label": "fragrance > perfume"
        },
        {
          "name": "gifts for her",
          "label": "gift > gifts for her"
        },
        {
          "name": "luxury fragrance",
          "label": "fragrance > luxury fragrance"
        },
        {
          "name": "new in fragrance",
          "label": "fragrance > new in fragrance"
        },
        {
          "name": "brands",
          "label": "fragrance > brands"
        },
        {
          "name": "new in fragrance",
          "label": "new in > new in fragrance"
        }
      ],
      [
        {
          "name": "all perfumes",
          "label": "fragrance > perfume > all perfumes"
        },
        {
          "name": "floral perfume",
          "label": "fragrance > perfume > floral perfume"
        },
        {
          "name": "all perfumes",
          "label": "gift > gifts for her > all perfumes"
        }
      ]
    ],
    "reviews": {
      "average": 5,
      "count": 1,
      "rounded": 5
    },
    "parent": {
      "product": "2870204",
      "partNumber": "10333156.P",
      "model": "10333156",
      "manufacturerModel": "5763096"
    },
    "images": {
      "thumbnail": "https://boots.scene7.com/is/image/Boots/10333156?wid=45&hei=60&op_sharpen=1"
    },
    "offers": [
      {
        "text": "Save up to 20 percent on selected fragrances"
      }
    ],
    "actions": {},
    "iconUri": "https://boots.scene7.com/is/image/Boots/10333156?op_sharpen=1",
    "title": "Prada Infusion de Fleur d'Oranger Eau de Parfum 100ml",
    "referenceUri": "/prada-infusion-de-fleur-d-oranger-eau-de-parfum-100ml-10333156",
    "canAddToBasket": "yes",
    "opticians": false,
    "inStock": true,
    "expressDelivery": false,
    "hasOtherPromotion": true,
    "channelPromotionalTextMap": {
      "-1": [
        "Save up to 20 percent on selected fragrances"
      ],
      "-6": [
        "Save up to 20 percent on selected fragrances"
      ]
    },
    "adCardPoints": 342
  },
  {
    "_id": {
      "$oid": "65ec108d9884656b92f5592a"
    },
    "ppuQuantity": "100ML",
    "pricing": {
      "perUnit": "£98.60 per 100ML",
      "regular": {
        "value": 116,
        "currency": "GBP",
        "text": "£116.00"
      },
      "current": {
        "value": 98.6,
        "currency": "GBP",
        "text": "£98.60"
      },
      "saving": {
        "value": 17.4,
        "currency": "GBP",
        "text": "£17.40"
      }
    },
    "objectId": "2794170",
    "brand": "Hermes",
    "attributes": {
      "fragrance_scent": [
        "woody",
        "floral"
      ],
      "size": "71-100",
      "StockOverrideMessage": "STOCK_COMING_SOON",
      "fragrance_type": "eau de toilette",
      "hasPriceAdvantageDeal": false,
      "ProductReviewFlag": "1"
    },
    "variants": {
      "colours": [],
      "hasColours": false,
      "hasSizes": false
    },
    "categories": [
      [
        {
          "name": "fragrance",
          "label": "fragrance"
        },
        {
          "name": "toiletries",
          "label": "toiletries"
        },
        {
          "name": "men's",
          "label": "men's"
        },
        {
          "name": "gift",
          "label": "gift"
        }
      ],
      [
        {
          "name": "brands",
          "label": "fragrance > brands"
        },
        {
          "name": "men's toiletries",
          "label": "toiletries > men's toiletries"
        },
        {
          "name": "men's toiletries",
          "label": "men's > men's toiletries"
        },
        {
          "name": "perfume",
          "label": "fragrance > perfume"
        },
        {
          "name": "aftershave",
          "label": "fragrance > aftershave"
        },
        {
          "name": "gifts for him",
          "label": "gift > gifts for him"
        },
        {
          "name": "gifts for her",
          "label": "gift > gifts for her"
        },
        {
          "name": "aftershave",
          "label": "men's > aftershave"
        },
        {
          "name": "luxury fragrance",
          "label": "fragrance > luxury fragrance"
        }
      ],
      [
        {
          "name": "aftershave",
          "label": "toiletries > men's toiletries > aftershave"
        },
        {
          "name": "aftershave",
          "label": "men's > men's toiletries > aftershave"
        },
        {
          "name": "all perfumes",
          "label": "fragrance > perfume > all perfumes"
        },
        {
          "name": "floral perfume",
          "label": "fragrance > perfume > floral perfume"
        },
        {
          "name": "all aftershave",
          "label": "fragrance > aftershave > all aftershave"
        },
        {
          "name": "all aftershave",
          "label": "gift > gifts for him > all aftershave"
        },
        {
          "name": "all perfumes",
          "label": "gift > gifts for her > all perfumes"
        },
        {
          "name": "all aftershave",
          "label": "men's > aftershave > all aftershave"
        }
      ],
      [
        {
          "name": "all aftershave",
          "label": "toiletries > men's toiletries > aftershave > all aftershave"
        },
        {
          "name": "all aftershave",
          "label": "men's > men's toiletries > aftershave > all aftershave"
        }
      ]
    ],
    "reviews": {
      "average": 5,
      "count": 1,
      "rounded": 5
    },
    "parent": {
      "product": "2794169",
      "partNumber": "10324006.P",
      "model": "10324006",
      "manufacturerModel": "5291941"
    },
    "images": {
      "thumbnail": "https://boots.scene7.com/is/image/Boots/10324006?wid=45&hei=60&op_sharpen=1"
    },
    "offers": [
      {
        "text": "Save up to 20 percent on selected fragrances"
      }
    ],
    "actions": {},
    "iconUri": "https://boots.scene7.com/is/image/Boots/10324006?op_sharpen=1",
    "title": "Hermès Un Jardin à Cythère, Eau de Toilette, 100ml",
    "referenceUri": "/hermes-un-jardin-a-cythere-eau-de-toilette-100ml-10324006",
    "canAddToBasket": "yes",
    "opticians": false,
    "inStock": true,
    "expressDelivery": false,
    "hasOtherPromotion": true,
    "channelPromotionalTextMap": {
      "-1": [
        "Save up to 20 percent on selected fragrances"
      ],
      "-6": [
        "Save up to 20 percent on selected fragrances"
      ]
    },
    "adCardPoints": 294
  },
  {
    "_id": {
      "$oid": "65ec108d9884656b92f5592b"
    },
    "ppuQuantity": "100ML",
    "pricing": {
      "perUnit": "£53.00 per 100ML",
      "regular": {
        "value": 53,
        "currency": "GBP",
        "text": "£53.00"
      },
      "current": {
        "value": 53,
        "currency": "GBP",
        "text": "£53.00"
      }
    },
    "objectId": "2719597",
    "brand": "Ariana Grande",
    "attributes": {
      "fragrance_scent": [
        "woody",
        "amber"
      ],
      "fragrance_type": "eau de parfum",
      "hasPriceAdvantageDeal": false,
      "StockOverrideMessage": "STOCK_COMING_SOON",
      "ProductReviewFlag": "1"
    },
    "variants": {
      "colours": [],
      "hasColours": false,
      "hasSizes": false
    },
    "categories": [
      [
        {
          "name": "fragrance",
          "label": "fragrance"
        },
        {
          "name": "gift",
          "label": "gift"
        }
      ],
      [
        {
          "name": "perfume",
          "label": "fragrance > perfume"
        },
        {
          "name": "gifts for her",
          "label": "gift > gifts for her"
        },
        {
          "name": "celebrity fragrance",
          "label": "fragrance > celebrity fragrance"
        },
        {
          "name": "5* rated perfumes & aftershaves",
          "label": "fragrance > 5* rated perfumes & aftershaves"
        }
      ],
      [
        {
          "name": "all perfumes",
          "label": "fragrance > perfume > all perfumes"
        },
        {
          "name": "musky perfume",
          "label": "fragrance > perfume > musky perfume"
        },
        {
          "name": "all perfumes",
          "label": "gift > gifts for her > all perfumes"
        }
      ]
    ],
    "reviews": {
      "average": 5,
      "count": 4,
      "rounded": 5
    },
    "parent": {
      "product": "2719596",
      "partNumber": "10317362.P",
      "model": "10317362",
      "manufacturerModel": "4150023"
    },
    "images": {
      "thumbnail": "https://boots.scene7.com/is/image/Boots/10317362?wid=45&hei=60&op_sharpen=1"
    },
    "offers": [],
    "actions": {},
    "iconUri": "https://boots.scene7.com/is/image/Boots/10317362?op_sharpen=1",
    "title": "Ariana Grande MOD Blush Eau de Parfum 100ml",
    "referenceUri": "/ariana-grande-mod-blush-eau-de-parfum-100ml-10317362",
    "canAddToBasket": "yes",
    "opticians": false,
    "inStock": true,
    "expressDelivery": false,
    "hasOtherPromotion": false,
    "channelPromotionalTextMap": {
      "-1": [],
      "-6": []
    },
    "adCardPoints": 159
  },
  {
    "_id": {
      "$oid": "65ec108d9884656b92f5592c"
    },
    "ppuQuantity": "100ML",
    "pricing": {
      "perUnit": "£53.00 per 100ML",
      "regular": {
        "value": 53,
        "currency": "GBP",
        "text": "£53.00"
      },
      "current": {
        "value": 53,
        "currency": "GBP",
        "text": "£53.00"
      }
    },
    "objectId": "2597141",
    "brand": "Ariana Grande",
    "attributes": {
      "fragrance_scent": [
        "musk",
        "fruity"
      ],
      "StockOverrideMessage": "STOCK_COMING_SOON",
      "size": "71-100",
      "fragrance_type": "eau de parfum",
      "hasPriceAdvantageDeal": false,
      "Reporting_Category": "fragrance",
      "ProductReviewFlag": "1"
    },
    "variants": {
      "colours": [],
      "hasColours": false,
      "hasSizes": false
    },
    "categories": [
      [
        {
          "name": "vegan",
          "label": "vegan"
        },
        {
          "name": "fragrance",
          "label": "fragrance"
        },
        {
          "name": "gift",
          "label": "gift"
        },
        {
          "name": "wellness",
          "label": "wellness"
        }
      ],
      [
        {
          "name": "vegan fragrance",
          "label": "vegan > vegan fragrance"
        },
        {
          "name": "perfume",
          "label": "fragrance > perfume"
        },
        {
          "name": "gifts for her",
          "label": "gift > gifts for her"
        },
        {
          "name": "vegan",
          "label": "wellness > vegan"
        },
        {
          "name": "5* rated perfumes & aftershaves",
          "label": "fragrance > 5* rated perfumes & aftershaves"
        },
        {
          "name": "vegan fragrance",
          "label": "fragrance > vegan fragrance"
        },
        {
          "name": "all vegan products",
          "label": "wellness > all vegan products"
        },
        {
          "name": "all vegan products",
          "label": "vegan > all vegan products"
        }
      ],
      [
        {
          "name": "all perfumes",
          "label": "fragrance > perfume > all perfumes"
        },
        {
          "name": "musky perfume",
          "label": "fragrance > perfume > musky perfume"
        },
        {
          "name": "all perfumes",
          "label": "gift > gifts for her > all perfumes"
        },
        {
          "name": "all vegan products",
          "label": "wellness > vegan > all vegan products"
        },
        {
          "name": "vegan fragrance",
          "label": "wellness > vegan > vegan fragrance"
        }
      ]
    ],
    "reviews": {
      "average": 5,
      "count": 4,
      "rounded": 5
    },
    "parent": {
      "product": "2597140",
      "partNumber": "10301037.P",
      "model": "10301037",
      "manufacturerModel": "5618231"
    },
    "images": {
      "thumbnail": "https://boots.scene7.com/is/image/Boots/10301037?wid=45&hei=60&op_sharpen=1"
    },
    "offers": [],
    "actions": {},
    "iconUri": "https://boots.scene7.com/is/image/Boots/10301037?op_sharpen=1",
    "title": "Ariana Grande God Is A Woman Eau de Parfum 100ml",
    "referenceUri": "/ariana-grande-god-is-a-woman-eau-de-parfum-100ml-10301037",
    "canAddToBasket": "yes",
    "opticians": false,
    "inStock": true,
    "expressDelivery": false,
    "hasOtherPromotion": false,
    "channelPromotionalTextMap": {
      "-1": [],
      "-6": []
    },
    "adCardPoints": 159
  },
  {
    "_id": {
      "$oid": "65ec108d9884656b92f5592d"
    },
    "ppuQuantity": "50ML",
    "pricing": {
      "perUnit": "£190.00 per 100ML",
      "regular": {
        "value": 95,
        "currency": "GBP",
        "text": "£95.00"
      },
      "current": {
        "value": 95,
        "currency": "GBP",
        "text": "£95.00"
      }
    },
    "objectId": "2579129",
    "brand": "Hermes",
    "attributes": {
      "fragrance_scent": [
        "floral",
        "spicy",
        "woody"
      ],
      "size": "41-50",
      "StockOverrideMessage": "STOCK_COMING_SOON",
      "fragrance_type": "eau de parfum",
      "hasPriceAdvantageDeal": false,
      "Reporting_Category": "fragrance",
      "ProductReviewFlag": "1"
    },
    "variants": {
      "colours": [],
      "hasColours": false,
      "hasSizes": false
    },
    "categories": [
      [
        {
          "name": "fragrance",
          "label": "fragrance"
        },
        {
          "name": "gift",
          "label": "gift"
        }
      ],
      [
        {
          "name": "5* rated perfumes & aftershaves",
          "label": "fragrance > 5* rated perfumes & aftershaves"
        },
        {
          "name": "perfume",
          "label": "fragrance > perfume"
        },
        {
          "name": "gifts for her",
          "label": "gift > gifts for her"
        }
      ],
      [
        {
          "name": "all perfumes",
          "label": "fragrance > perfume > all perfumes"
        },
        {
          "name": "floral perfume",
          "label": "fragrance > perfume > floral perfume"
        },
        {
          "name": "all perfumes",
          "label": "gift > gifts for her > all perfumes"
        }
      ]
    ],
    "reviews": {
      "average": 5,
      "count": 1,
      "rounded": 5
    },
    "parent": {
      "product": "2579128",
      "partNumber": "10299761.P",
      "model": "10299761",
      "manufacturerModel": "4913450"
    },
    "images": {
      "thumbnail": "https://boots.scene7.com/is/image/Boots/10299761?wid=45&hei=60&op_sharpen=1"
    },
    "offers": [
      {
        "text": "Free gift when you buy selected Hermes fragrance - online only, whilst stocks last"
      },
      {
        "text": "Free gift when you buy selected Hermes fragrance - online only, whilst stocks last"
      }
    ],
    "actions": {},
    "iconUri": "https://boots.scene7.com/is/image/Boots/10299761?op_sharpen=1",
    "title": "Twilly d'Hermès Eau Ginger, Eau de Parfum, 50ml",
    "referenceUri": "/hermes-twilly-eau-ginger-eau-de-parfum-50ml-10299761",
    "canAddToBasket": "yes",
    "opticians": false,
    "inStock": true,
    "expressDelivery": false,
    "hasOtherPromotion": true,
    "channelPromotionalTextMap": {
      "-1": [
        "Free gift when you buy selected Hermes fragrance - online only, whilst stocks last",
        "Free gift when you buy selected Hermes fragrance - online only, whilst stocks last"
      ],
      "-6": [
        "Free gift when you buy selected Hermes fragrance - online only, whilst stocks last",
        "Free gift when you buy selected Hermes fragrance - online only, whilst stocks last"
      ]
    },
    "adCardPoints": 285
  },
  {
    "_id": {
      "$oid": "65ec108d9884656b92f5592e"
    },
    "ppuQuantity": "30ML",
    "pricing": {
      "perUnit": "£183.33 per 100ML",
      "regular": {
        "value": 55,
        "currency": "GBP",
        "text": "£55.00"
      },
      "current": {
        "value": 55,
        "currency": "GBP",
        "text": "£55.00"
      }
    },
    "objectId": "3780",
    "brand": "Estee Lauder",
    "attributes": {
      "fragrance_scent": [
        "woody",
        "floral"
      ],
      "StockOverrideMessage": "STOCK_COMING_SOON",
      "size": "21-30",
      "gender": "womens",
      "parentCategory_UK": "33071",
      "fragrance_type": "eau de parfum",
      "hasPriceAdvantageDeal": false,
      "Reporting_Category": "fragrance",
      "ProductReviewFlag": "1"
    },
    "variants": {
      "colours": [],
      "hasColours": false,
      "hasSizes": false
    },
    "categories": [
      [
        {
          "name": "fragrance",
          "label": "fragrance"
        },
        {
          "name": "gift",
          "label": "gift"
        }
      ],
      [
        {
          "name": "perfume",
          "label": "fragrance > perfume"
        },
        {
          "name": "gifts for her",
          "label": "gift > gifts for her"
        }
      ],
      [
        {
          "name": "all perfumes",
          "label": "fragrance > perfume > all perfumes"
        },
        {
          "name": "floral perfume",
          "label": "fragrance > perfume > floral perfume"
        },
        {
          "name": "all perfumes",
          "label": "gift > gifts for her > all perfumes"
        }
      ]
    ],
    "reviews": {
      "average": 4.85,
      "count": 398,
      "rounded": 4
    },
    "parent": {
      "product": "3779",
      "partNumber": "10013130.P",
      "model": "10013130",
      "manufacturerModel": "2790254"
    },
    "images": {
      "thumbnail": "https://boots.scene7.com/is/image/Boots/10013130?wid=45&hei=60&op_sharpen=1"
    },
    "offers": [],
    "actions": {},
    "iconUri": "https://boots.scene7.com/is/image/Boots/10013130?op_sharpen=1",
    "title": "Estée Lauder Pleasures Eau de Parfum 30ml",
    "referenceUri": "/estee-lauder-pleasures-eau-de-parfum-spray-30ml-10013130",
    "canAddToBasket": "yes",
    "opticians": false,
    "inStock": true,
    "expressDelivery": false,
    "hasOtherPromotion": false,
    "channelPromotionalTextMap": {
      "-1": [],
      "-6": []
    },
    "adCardPoints": 165
  },
  {
    "_id": {
      "$oid": "65ec108d9884656b92f5592f"
    },
    "ppuQuantity": "90ML",
    "pricing": {
      "perUnit": "£118.06 per 100ML",
      "regular": {
        "value": 125,
        "currency": "GBP",
        "text": "£125.00"
      },
      "current": {
        "value": 106.25,
        "currency": "GBP",
        "text": "£106.25"
      },
      "saving": {
        "value": 18.75,
        "currency": "GBP",
        "text": "£18.75"
      }
    },
    "objectId": "2840637",
    "brand": "Mugler",
    "attributes": {
      "fragrance_scent": [
        "jasmine",
        "floral"
      ],
      "product_type": "perfume",
      "size": "71-100",
      "gender": "womens",
      "StockOverrideMessage": "STOCK_COMING_SOON",
      "format": "spray",
      "fragrance_type": "eau de parfum",
      "hasPriceAdvantageDeal": false,
      "ProductReviewFlag": "1"
    },
    "variants": {
      "colours": [],
      "hasColours": false,
      "hasSizes": false
    },
    "categories": [
      [
        {
          "name": "fragrance",
          "label": "fragrance"
        },
        {
          "name": "gift",
          "label": "gift"
        },
        {
          "name": "new in",
          "label": "new in"
        }
      ],
      [
        {
          "name": "perfume",
          "label": "fragrance > perfume"
        },
        {
          "name": "gifts for her",
          "label": "gift > gifts for her"
        },
        {
          "name": "new in fragrance",
          "label": "fragrance > new in fragrance"
        },
        {
          "name": "brands",
          "label": "fragrance > brands"
        },
        {
          "name": "new in fragrance",
          "label": "new in > new in fragrance"
        }
      ],
      [
        {
          "name": "all perfumes",
          "label": "fragrance > perfume > all perfumes"
        },
        {
          "name": "floral perfume",
          "label": "fragrance > perfume > floral perfume"
        },
        {
          "name": "all perfumes",
          "label": "gift > gifts for her > all perfumes"
        }
      ]
    ],
    "reviews": {
      "average": 4.8,
      "count": 1438,
      "rounded": 4
    },
    "parent": {
      "product": "2840636",
      "partNumber": "10328978.P",
      "model": "10328978",
      "manufacturerModel": "5579880"
    },
    "images": {
      "thumbnail": "https://boots.scene7.com/is/image/Boots/10328978?wid=45&hei=60&op_sharpen=1"
    },
    "offers": [
      {
        "text": "Free gift when you buy selected Mugler - whilst stocks last"
      },
      {
        "text": "Save up to 20 percent on selected fragrances"
      }
    ],
    "actions": {},
    "iconUri": "https://boots.scene7.com/is/image/Boots/10328978?op_sharpen=1",
    "title": "Mugler Alien Goddess Supra Florale Eau De Parfum 90ml",
    "referenceUri": "/mugler-alien-goddess-supra-florale-eau-de-parfum-90ml-10328978",
    "canAddToBasket": "yes",
    "opticians": false,
    "inStock": true,
    "expressDelivery": false,
    "hasOtherPromotion": true,
    "channelPromotionalTextMap": {
      "-1": [
        "Free gift when you buy selected Mugler - whilst stocks last",
        "Save up to 20 percent on selected fragrances"
      ],
      "-6": [
        "Free gift when you buy selected Mugler - whilst stocks last",
        "Save up to 20 percent on selected fragrances"
      ]
    },
    "adCardPoints": 318
  },
  {
    "_id": {
      "$oid": "65ec108d9884656b92f55930"
    },
    "ppuQuantity": "50ML",
    "pricing": {
      "perUnit": "£132.00 per 100ML",
      "regular": {
        "value": 66,
        "currency": "GBP",
        "text": "£66.00"
      },
      "current": {
        "value": 66,
        "currency": "GBP",
        "text": "£66.00"
      }
    },
    "objectId": "2647709",
    "brand": "Elie Saab",
    "attributes": {
      "fragrance_scent": "floral",
      "product_type": "perfume",
      "StockOverrideMessage": "STOCK_COMING_SOON",
      "gender": "womens",
      "size": "41-50",
      "fragrance_type": "eau de parfum",
      "format": "spray",
      "hasPriceAdvantageDeal": false,
      "ProductReviewFlag": "1"
    },
    "variants": {
      "colours": [],
      "hasColours": false,
      "hasSizes": false
    },
    "categories": [
      [
        {
          "name": "fragrance",
          "label": "fragrance"
        },
        {
          "name": "gift",
          "label": "gift"
        }
      ],
      [
        {
          "name": "perfume",
          "label": "fragrance > perfume"
        },
        {
          "name": "gifts for her",
          "label": "gift > gifts for her"
        },
        {
          "name": "brands",
          "label": "fragrance > brands"
        }
      ],
      [
        {
          "name": "all perfumes",
          "label": "fragrance > perfume > all perfumes"
        },
        {
          "name": "all perfumes",
          "label": "gift > gifts for her > all perfumes"
        }
      ]
    ],
    "reviews": {
      "average": 4.8,
      "count": 5,
      "rounded": 4
    },
    "parent": {
      "product": "2647708",
      "partNumber": "10307825.P",
      "model": "10307825",
      "manufacturerModel": "1736736"
    },
    "images": {
      "thumbnail": "https://boots.scene7.com/is/image/Boots/10307825?wid=45&hei=60&op_sharpen=1"
    },
    "offers": [],
    "actions": {},
    "iconUri": "https://boots.scene7.com/is/image/Boots/10307825?op_sharpen=1",
    "title": "Elie Saab Le Parfum Eau de Parfum 50ml",
    "referenceUri": "/elie-saab-le-parfum-eau-de-parfum-50ml-10307825",
    "canAddToBasket": "yes",
    "opticians": false,
    "inStock": true,
    "expressDelivery": false,
    "hasOtherPromotion": false,
    "channelPromotionalTextMap": {
      "-1": [],
      "-6": []
    },
    "adCardPoints": 198
  },
  {
    "_id": {
      "$oid": "65ec108d9884656b92f55931"
    },
    "ppuQuantity": "100ML",
    "pricing": {
      "perUnit": "£39.75 per 100ML",
      "regular": {
        "value": 53,
        "currency": "GBP",
        "text": "£53.00"
      },
      "current": {
        "value": 39.75,
        "currency": "GBP",
        "text": "£39.75"
      },
      "saving": {
        "value": 13.25,
        "currency": "GBP",
        "text": "£13.25"
      }
    },
    "objectId": "926044",
    "brand": "Elizabeth Arden",
    "attributes": {
      "fragrance_scent": "woody",
      "StockOverrideMessage": "SOLD_OUT",
      "size": "71-100",
      "Size": "100ml",
      "parentCategory_UK": "33035",
      "fragrance_type": [
        "eau de toilette",
        "eau de parfum"
      ],
      "format": "spray",
      "hasPriceAdvantageDeal": false,
      "Reporting_Category": "fragrance",
      "body_area": "body",
      "ProductReviewFlag": "1"
    },
    "variants": {
      "colours": [],
      "hasColours": false,
      "hasSizes": false
    },
    "categories": [
      [
        {
          "name": "fragrance",
          "label": "fragrance"
        },
        {
          "name": "beauty & skincare",
          "label": "beauty & skincare"
        },
        {
          "name": "gift",
          "label": "gift"
        }
      ],
      [
        {
          "name": "perfume",
          "label": "fragrance > perfume"
        },
        {
          "name": "premium beauty & skincare",
          "label": "beauty & skincare > premium beauty & skincare"
        },
        {
          "name": "gifts for her",
          "label": "gift > gifts for her"
        }
      ],
      [
        {
          "name": "save up to 25% across selected premium beauty and No7",
          "label": "beauty & skincare > premium beauty & skincare > save up to 25% across selected premium beauty and No7"
        },
        {
          "name": "all perfumes",
          "label": "fragrance > perfume > all perfumes"
        },
        {
          "name": "all perfumes",
          "label": "gift > gifts for her > all perfumes"
        }
      ]
    ],
    "reviews": {
      "average": 4.76,
      "count": 80,
      "rounded": 4
    },
    "parent": {
      "product": "926043",
      "partNumber": "10088092.P",
      "model": "10088092",
      "manufacturerModel": "4825500"
    },
    "images": {
      "thumbnail": "https://boots.scene7.com/is/image/Boots/10088092?wid=45&hei=60&op_sharpen=1"
    },
    "offers": [
      {
        "text": "Spend £45 on selected Elizabeth Arden and receive Elizabeth Arden Icons Set for £75, worth £281"
      },
      {
        "text": "Save up to 25 percent across selected Premium Beauty"
      }
    ],
    "actions": {},
    "iconUri": "https://boots.scene7.com/is/image/Boots/10088092?op_sharpen=1",
    "title": "Elizabeth Arden Provocative Woman Eau de Parfum 100ml",
    "referenceUri": "/elizabeth-arden-provocative-woman-eau-de-parfum-100ml-10088092",
    "canAddToBasket": "yes",
    "opticians": false,
    "inStock": true,
    "expressDelivery": false,
    "hasOtherPromotion": true,
    "channelPromotionalTextMap": {
      "-1": [
        "Spend £45 on selected Elizabeth Arden and receive Elizabeth Arden Icons Set for £75, worth £281",
        "Save up to 25 percent across selected Premium Beauty"
      ],
      "-6": [
        "Spend £45 on selected Elizabeth Arden and receive Elizabeth Arden Icons Set for £75, worth £281",
        "Save up to 25 percent across selected Premium Beauty"
      ]
    },
    "adCardPoints": 117
  },
  {
    "_id": {
      "$oid": "65ec108d9884656b92f55932"
    },
    "ppuQuantity": "50ML",
    "pricing": {
      "perUnit": "£84.00 per 100ML",
      "regular": {
        "value": 42,
        "currency": "GBP",
        "text": "£42.00"
      },
      "current": {
        "value": 42,
        "currency": "GBP",
        "text": "£42.00"
      }
    },
    "objectId": "2834704",
    "brand": "Billie Eilish",
    "attributes": {
      "fragrance_scent": [
        "floral",
        "musk"
      ],
      "size": "41-50",
      "StockOverrideMessage": "STOCK_COMING_SOON",
      "gender": "womens",
      "fragrance_type": "eau de parfum",
      "hasPriceAdvantageDeal": false,
      "ProductReviewFlag": "1"
    },
    "variants": {
      "colours": [],
      "hasColours": false,
      "hasSizes": false
    },
    "categories": [
      [
        {
          "name": "new in",
          "label": "new in"
        },
        {
          "name": "fragrance",
          "label": "fragrance"
        },
        {
          "name": "gift",
          "label": "gift"
        }
      ],
      [
        {
          "name": "perfume",
          "label": "fragrance > perfume"
        },
        {
          "name": "gifts for her",
          "label": "gift > gifts for her"
        },
        {
          "name": "celebrity fragrance",
          "label": "fragrance > celebrity fragrance"
        },
        {
          "name": "new in fragrance",
          "label": "fragrance > new in fragrance"
        },
        {
          "name": "brands",
          "label": "fragrance > brands"
        },
        {
          "name": "new in fragrance",
          "label": "new in > new in fragrance"
        }
      ],
      [
        {
          "name": "all perfumes",
          "label": "fragrance > perfume > all perfumes"
        },
        {
          "name": "musky perfume",
          "label": "fragrance > perfume > musky perfume"
        },
        {
          "name": "floral perfume",
          "label": "fragrance > perfume > floral perfume"
        },
        {
          "name": "all perfumes",
          "label": "gift > gifts for her > all perfumes"
        }
      ]
    ],
    "reviews": {
      "average": 4.75,
      "count": 4,
      "rounded": 4
    },
    "parent": {
      "product": "2834703",
      "partNumber": "10327977.P",
      "model": "10327977",
      "manufacturerModel": "5561604"
    },
    "images": {
      "thumbnail": "https://boots.scene7.com/is/image/Boots/10327977?wid=45&hei=60&op_sharpen=1"
    },
    "offers": [],
    "actions": {},
    "iconUri": "https://boots.scene7.com/is/image/Boots/10327977?op_sharpen=1",
    "title": "Eilish No. 2 by Billie Eilish 50ml",
    "referenceUri": "/billie-eilish-no2-eau-de-parfum-50ml-10327977",
    "canAddToBasket": "yes",
    "opticians": false,
    "inStock": true,
    "expressDelivery": false,
    "hasOtherPromotion": false,
    "channelPromotionalTextMap": {
      "-1": [],
      "-6": []
    },
    "adCardPoints": 126
  },
  {
    "_id": {
      "$oid": "65ec108d9884656b92f55933"
    },
    "ppuQuantity": "100ML",
    "pricing": {
      "perUnit": "£93.50 per 100ML",
      "regular": {
        "value": 110,
        "currency": "GBP",
        "text": "£110.00"
      },
      "current": {
        "value": 93.5,
        "currency": "GBP",
        "text": "£93.50"
      },
      "saving": {
        "value": 16.5,
        "currency": "GBP",
        "text": "£16.50"
      }
    },
    "objectId": "2822605",
    "brand": "Mugler",
    "attributes": {
      "fragrance_scent": "floral",
      "StockOverrideMessage": "STOCK_COMING_SOON",
      "gender": "womens",
      "fragrance_type": "eau de parfum",
      "hasPriceAdvantageDeal": false,
      "ProductReviewFlag": "1"
    },
    "variants": {
      "colours": [],
      "hasColours": false,
      "hasSizes": false
    },
    "categories": [
      [
        {
          "name": "gift",
          "label": "gift"
        },
        {
          "name": "fragrance",
          "label": "fragrance"
        }
      ],
      [
        {
          "name": "gifts for her",
          "label": "gift > gifts for her"
        },
        {
          "name": "perfume",
          "label": "fragrance > perfume"
        },
        {
          "name": "fragrance offers",
          "label": "fragrance > fragrance offers"
        },
        {
          "name": "luxury fragrance",
          "label": "fragrance > luxury fragrance"
        },
        {
          "name": "5* rated perfumes & aftershaves",
          "label": "fragrance > 5* rated perfumes & aftershaves"
        },
        {
          "name": "elixir fragrances",
          "label": "fragrance > elixir fragrances"
        }
      ],
      [
        {
          "name": "all perfumes",
          "label": "fragrance > perfume > all perfumes"
        },
        {
          "name": "floral perfume",
          "label": "fragrance > perfume > floral perfume"
        },
        {
          "name": "perfume refill bottles",
          "label": "fragrance > perfume > perfume refill bottles"
        },
        {
          "name": "all perfumes",
          "label": "gift > gifts for her > all perfumes"
        }
      ]
    ],
    "reviews": {
      "average": 4.74,
      "count": 4758,
      "rounded": 4
    },
    "parent": {
      "product": "2822604",
      "partNumber": "10326959.P",
      "model": "10326959",
      "manufacturerModel": "5446562"
    },
    "images": {
      "thumbnail": "https://boots.scene7.com/is/image/Boots/10326959?wid=45&hei=60&op_sharpen=1"
    },
    "offers": [
      {
        "text": "Save up to 20 percent on selected fragrances"
      }
    ],
    "actions": {},
    "iconUri": "https://boots.scene7.com/is/image/Boots/10326959?op_sharpen=1",
    "title": "Mugler Angel Elixir Eau De Parfum Refill Bottle 100ml",
    "referenceUri": "/mugler-angel-elixir-eau-de-parfum-refill-bottle-100ml-10326959",
    "canAddToBasket": "yes",
    "opticians": false,
    "inStock": true,
    "expressDelivery": false,
    "hasOtherPromotion": true,
    "channelPromotionalTextMap": {
      "-1": [
        "Save up to 20 percent on selected fragrances"
      ],
      "-6": [
        "Save up to 20 percent on selected fragrances"
      ]
    },
    "adCardPoints": 279
  },
  {
    "_id": {
      "$oid": "65ec108d9884656b92f55934"
    },
    "ppuQuantity": "50ML",
    "pricing": {
      "perUnit": "£174.00 per 100ML",
      "regular": {
        "value": 87,
        "currency": "GBP",
        "text": "£87.00"
      },
      "current": {
        "value": 87,
        "currency": "GBP",
        "text": "£87.00"
      }
    },
    "objectId": "2636641",
    "brand": "Narciso Rodriguez",
    "attributes": {
      "fragrance_scent": "floral",
      "size": "41-50",
      "gender": "womens",
      "fragrance_type": "eau de parfum",
      "hasPriceAdvantageDeal": false,
      "Reporting_Category": "fragrance",
      "ProductReviewFlag": "1"
    },
    "variants": {
      "colours": [],
      "hasColours": false,
      "hasSizes": false
    },
    "categories": [
      [
        {
          "name": "fragrance",
          "label": "fragrance"
        },
        {
          "name": "gift",
          "label": "gift"
        }
      ],
      [
        {
          "name": "5* rated perfumes & aftershaves",
          "label": "fragrance > 5* rated perfumes & aftershaves"
        },
        {
          "name": "perfume",
          "label": "fragrance > perfume"
        },
        {
          "name": "gifts for her",
          "label": "gift > gifts for her"
        }
      ],
      [
        {
          "name": "all perfumes",
          "label": "fragrance > perfume > all perfumes"
        },
        {
          "name": "floral perfume",
          "label": "fragrance > perfume > floral perfume"
        },
        {
          "name": "all perfumes",
          "label": "gift > gifts for her > all perfumes"
        }
      ]
    ],
    "reviews": {
      "average": 4.74,
      "count": 1516,
      "rounded": 4
    },
    "parent": {
      "product": "2636640",
      "partNumber": "10306163.P",
      "model": "10306163",
      "manufacturerModel": "8998744"
    },
    "images": {
      "thumbnail": "https://boots.scene7.com/is/image/Boots/10306163?wid=45&hei=60&op_sharpen=1"
    },
    "offers": [
      {
        "text": "Free Narciso Rodriguez mirror and case when you buy selected fragrance - online only, whilst stocks last"
      }
    ],
    "actions": {},
    "iconUri": "https://boots.scene7.com/is/image/Boots/10306163?op_sharpen=1",
    "title": "Narciso Rodriguez for her MUSC NOIR ROSE Eau de Parfum 50ml",
    "referenceUri": "/narciso-rodriguez-for-her-musc-noir-rose-eau-de-parfum-50ml-10306163",
    "canAddToBasket": "yes",
    "opticians": false,
    "inStock": true,
    "expressDelivery": false,
    "hasOtherPromotion": true,
    "channelPromotionalTextMap": {
      "-1": [
        "Free Narciso Rodriguez mirror and case when you buy selected fragrance - online only, whilst stocks last"
      ],
      "-6": [
        "Free Narciso Rodriguez mirror and case when you buy selected fragrance - online only, whilst stocks last"
      ]
    },
    "adCardPoints": 261
  },
  {
    "_id": {
      "$oid": "65ec108d9884656b92f55935"
    },
    "ppuQuantity": "45ML",
    "pricing": {
      "perUnit": "£171.11 per 100ML",
      "regular": {
        "value": 77,
        "currency": "GBP",
        "text": "£77.00"
      },
      "current": {
        "value": 77,
        "currency": "GBP",
        "text": "£77.00"
      }
    },
    "objectId": "2868287",
    "brand": "Kenzo",
    "attributes": {
      "fragrance_scent": "floral",
      "product_type": "body spray",
      "gender": "womens",
      "size": "41-50",
      "StockOverrideMessage": "STOCK_COMING_SOON",
      "format": "spray",
      "fragrance_type": "eau de parfum",
      "hasPriceAdvantageDeal": false,
      "ProductReviewFlag": "1"
    },
    "variants": {
      "colours": [],
      "hasColours": false,
      "hasSizes": false
    },
    "categories": [
      [
        {
          "name": "fragrance",
          "label": "fragrance"
        },
        {
          "name": "gift",
          "label": "gift"
        },
        {
          "name": "new in",
          "label": "new in"
        }
      ],
      [
        {
          "name": "perfume",
          "label": "fragrance > perfume"
        },
        {
          "name": "gifts for her",
          "label": "gift > gifts for her"
        },
        {
          "name": "new in fragrance",
          "label": "fragrance > new in fragrance"
        },
        {
          "name": "brands",
          "label": "fragrance > brands"
        },
        {
          "name": "new in fragrance",
          "label": "new in > new in fragrance"
        }
      ],
      [
        {
          "name": "all perfumes",
          "label": "fragrance > perfume > all perfumes"
        },
        {
          "name": "floral perfume",
          "label": "fragrance > perfume > floral perfume"
        },
        {
          "name": "all perfumes",
          "label": "gift > gifts for her > all perfumes"
        }
      ]
    ],
    "reviews": {
      "average": 4.7,
      "count": 192,
      "rounded": 4
    },
    "parent": {
      "product": "2868286",
      "partNumber": "10332885.P",
      "model": "10332885",
      "manufacturerModel": "5758475"
    },
    "images": {
      "thumbnail": "https://boots.scene7.com/is/image/Boots/10332885?wid=45&hei=60&op_sharpen=1"
    },
    "offers": [],
    "actions": {},
    "iconUri": "https://boots.scene7.com/is/image/Boots/10332885?op_sharpen=1",
    "title": "Flower by Kenzo Ikebana Eau de Parfum 45ml",
    "referenceUri": "/flower-by-kenzo-ikebana-eau-de-parfum-45ml-10332885",
    "canAddToBasket": "yes",
    "opticians": false,
    "inStock": true,
    "expressDelivery": false,
    "hasOtherPromotion": false,
    "channelPromotionalTextMap": {
      "-1": [],
      "-6": []
    },
    "adCardPoints": 231
  },
  {
    "_id": {
      "$oid": "65ec108d9884656b92f55936"
    },
    "ppuQuantity": "50ML",
    "pricing": {
      "perUnit": "£106.00 per 100ML",
      "regular": {
        "value": 53,
        "currency": "GBP",
        "text": "£53.00"
      },
      "current": {
        "value": 53,
        "currency": "GBP",
        "text": "£53.00"
      }
    },
    "objectId": "2650670",
    "brand": "Jimmy Choo",
    "attributes": {
      "fragrance_scent": [
        "woody",
        "amber"
      ],
      "size": "41-50",
      "StockOverrideMessage": "STOCK_COMING_SOON",
      "gender": "mens",
      "fragrance_type": "eau de toilette",
      "hasPriceAdvantageDeal": false,
      "Reporting_Category": "fragrance",
      "ProductReviewFlag": "1"
    },
    "variants": {
      "colours": [],
      "hasColours": false,
      "hasSizes": false
    },
    "categories": [
      [
        {
          "name": "gift",
          "label": "gift"
        },
        {
          "name": "fragrance",
          "label": "fragrance"
        }
      ],
      [
        {
          "name": "gifts for him",
          "label": "gift > gifts for him"
        },
        {
          "name": "perfume",
          "label": "fragrance > perfume"
        },
        {
          "name": "gifts for her",
          "label": "gift > gifts for her"
        },
        {
          "name": "luxury fragrance",
          "label": "fragrance > luxury fragrance"
        },
        {
          "name": "5* rated perfumes & aftershaves",
          "label": "fragrance > 5* rated perfumes & aftershaves"
        }
      ],
      [
        {
          "name": "all perfumes",
          "label": "fragrance > perfume > all perfumes"
        },
        {
          "name": "amber perfume",
          "label": "fragrance > perfume > amber perfume"
        },
        {
          "name": "all perfumes",
          "label": "gift > gifts for her > all perfumes"
        }
      ]
    ],
    "reviews": {
      "average": 4.69,
      "count": 489,
      "rounded": 4
    },
    "parent": {
      "product": "2650669",
      "partNumber": "10308210.P",
      "model": "10308210",
      "manufacturerModel": "1127225"
    },
    "images": {
      "thumbnail": "https://boots.scene7.com/is/image/Boots/10308210?wid=45&hei=60&op_sharpen=1"
    },
    "offers": [],
    "actions": {},
    "iconUri": "https://boots.scene7.com/is/image/Boots/10308210?op_sharpen=1",
    "title": "Jimmy Choo Man Aqua Eau de Toilette 50ml",
    "referenceUri": "/jimmy-choo-man-aqua-eau-de-toilette-50ml-10308210",
    "canAddToBasket": "yes",
    "opticians": false,
    "inStock": true,
    "expressDelivery": false,
    "hasOtherPromotion": false,
    "channelPromotionalTextMap": {
      "-1": [],
      "-6": []
    },
    "adCardPoints": 159
  },
  {
    "_id": {
      "$oid": "65ec108d9884656b92f55937"
    },
    "ppuQuantity": "30ML",
    "pricing": {
      "perUnit": "£200.00 per 100ML",
      "regular": {
        "value": 60,
        "currency": "GBP",
        "text": "£60.00"
      },
      "current": {
        "value": 60,
        "currency": "GBP",
        "text": "£60.00"
      }
    },
    "objectId": "2183753",
    "brand": "Estee Lauder",
    "attributes": {
      "fragrance_scent": [
        "floral",
        "woody",
        "fruity"
      ],
      "StockOverrideMessage": "STOCK_COMING_SOON",
      "size": "21-30",
      "gender": "womens",
      "fragrance_type": "eau de parfum",
      "hasPriceAdvantageDeal": false,
      "ProductReviewFlag": "1"
    },
    "variants": {
      "colours": [],
      "hasColours": false,
      "hasSizes": false
    },
    "categories": [
      [
        {
          "name": "gift",
          "label": "gift"
        },
        {
          "name": "fragrance",
          "label": "fragrance"
        }
      ],
      [
        {
          "name": "gifts for her",
          "label": "gift > gifts for her"
        },
        {
          "name": "perfume",
          "label": "fragrance > perfume"
        }
      ],
      [
        {
          "name": "all perfumes",
          "label": "gift > gifts for her > all perfumes"
        },
        {
          "name": "all perfumes",
          "label": "fragrance > perfume > all perfumes"
        }
      ]
    ],
    "reviews": {
      "average": 4.69,
      "count": 8617,
      "rounded": 4
    },
    "parent": {
      "product": "2183752",
      "partNumber": "10256263.P",
      "model": "10256263",
      "manufacturerModel": "8320187"
    },
    "images": {
      "thumbnail": "https://boots.scene7.com/is/image/Boots/10256263?wid=45&hei=60&op_sharpen=1"
    },
    "offers": [],
    "actions": {},
    "iconUri": "https://boots.scene7.com/is/image/Boots/10256263?op_sharpen=1",
    "title": "Estée Lauder Beautiful Belle Eau de Parfum Spray 30ml",
    "referenceUri": "/estee-lauder-beautiful-belle-eau-de-parfum-30ml-10256263",
    "canAddToBasket": "yes",
    "opticians": false,
    "inStock": true,
    "expressDelivery": false,
    "hasOtherPromotion": false,
    "channelPromotionalTextMap": {
      "-1": [],
      "-6": []
    },
    "adCardPoints": 180
  },
  {
    "_id": {
      "$oid": "65ec108d9884656b92f55938"
    },
    "ppuQuantity": "100ML",
    "pricing": {
      "perUnit": "£92.65 per 100ML",
      "regular": {
        "value": 109,
        "currency": "GBP",
        "text": "£109.00"
      },
      "current": {
        "value": 92.65,
        "currency": "GBP",
        "text": "£92.65"
      },
      "saving": {
        "value": 16.35,
        "currency": "GBP",
        "text": "£16.35"
      }
    },
    "objectId": "2007104",
    "brand": "Emporio Armani",
    "attributes": {
      "fragrance_scent": [
        "floral",
        "sweet",
        "fruity",
        "musk",
        "vanilla"
      ],
      "StockOverrideMessage": "STOCK_COMING_SOON",
      "size": "71-100",
      "gender": "womens",
      "parentCategory_UK": "33071",
      "fragrance_type": "eau de parfum",
      "hasPriceAdvantageDeal": false,
      "ProductReviewFlag": "1"
    },
    "variants": {
      "colours": [],
      "hasColours": false,
      "hasSizes": false
    },
    "categories": [
      [
        {
          "name": "gift",
          "label": "gift"
        },
        {
          "name": "fragrance",
          "label": "fragrance"
        }
      ],
      [
        {
          "name": "gifts for her",
          "label": "gift > gifts for her"
        },
        {
          "name": "perfume",
          "label": "fragrance > perfume"
        },
        {
          "name": "fragrance offers",
          "label": "fragrance > fragrance offers"
        }
      ],
      [
        {
          "name": "all perfumes",
          "label": "gift > gifts for her > all perfumes"
        },
        {
          "name": "all perfumes",
          "label": "fragrance > perfume > all perfumes"
        },
        {
          "name": "save up to 60 percent",
          "label": "fragrance > fragrance offers > save up to 60 percent"
        },
        {
          "name": "Save 15% on 100s of fragrances",
          "label": "fragrance > fragrance offers > Save 15% on 100s of fragrances"
        }
      ]
    ],
    "reviews": {
      "average": 4.67,
      "count": 1479,
      "rounded": 4
    },
    "parent": {
      "product": "2007103",
      "partNumber": "10230888.P",
      "model": "10230888",
      "manufacturerModel": "6976689"
    },
    "images": {
      "thumbnail": "https://boots.scene7.com/is/image/Boots/10230888?wid=45&hei=60&op_sharpen=1"
    },
    "offers": [
      {
        "text": "Save up to 20 percent on selected fragrances"
      }
    ],
    "actions": {},
    "iconUri": "https://boots.scene7.com/is/image/Boots/10230888?op_sharpen=1",
    "title": "Emporio Armani Because It's You Eau de Parfum 100ml",
    "referenceUri": "/emporio-armani-because-its-you-eau-de-Parfum-100ml-10230888",
    "canAddToBasket": "yes",
    "opticians": false,
    "inStock": true,
    "expressDelivery": false,
    "hasOtherPromotion": true,
    "channelPromotionalTextMap": {
      "-1": [
        "Save up to 20 percent on selected fragrances"
      ],
      "-6": [
        "Save up to 20 percent on selected fragrances"
      ]
    },
    "adCardPoints": 276
  },
  {
    "_id": {
      "$oid": "65ec108d9884656b92f55939"
    },
    "ppuQuantity": "50ML",
    "pricing": {
      "perUnit": "£174.00 per 100ML",
      "regular": {
        "value": 87,
        "currency": "GBP",
        "text": "£87.00"
      },
      "current": {
        "value": 87,
        "currency": "GBP",
        "text": "£87.00"
      }
    },
    "objectId": "2250064",
    "brand": "Narciso Rodriguez",
    "attributes": {
      "fragrance_scent": [
        "musk",
        "chypre"
      ],
      "StockOverrideMessage": "STOCK_COMING_SOON",
      "gender": "womens",
      "size": "41-50",
      "fragrance_type": "eau de parfum",
      "hasPriceAdvantageDeal": false,
      "Reporting_Category": "fragrance",
      "ProductReviewFlag": "1"
    },
    "variants": {
      "colours": [],
      "hasColours": false,
      "hasSizes": false
    },
    "categories": [
      [
        {
          "name": "fragrance",
          "label": "fragrance"
        },
        {
          "name": "gift",
          "label": "gift"
        }
      ],
      [
        {
          "name": "5* rated perfumes & aftershaves",
          "label": "fragrance > 5* rated perfumes & aftershaves"
        },
        {
          "name": "perfume",
          "label": "fragrance > perfume"
        },
        {
          "name": "gifts for her",
          "label": "gift > gifts for her"
        }
      ],
      [
        {
          "name": "all perfumes",
          "label": "fragrance > perfume > all perfumes"
        },
        {
          "name": "musky perfume",
          "label": "fragrance > perfume > musky perfume"
        },
        {
          "name": "all perfumes",
          "label": "gift > gifts for her > all perfumes"
        }
      ]
    ],
    "reviews": {
      "average": 4.66,
      "count": 1156,
      "rounded": 4
    },
    "parent": {
      "product": "2250063",
      "partNumber": "10262592.P",
      "model": "10262592",
      "manufacturerModel": "8469210"
    },
    "images": {
      "thumbnail": "https://boots.scene7.com/is/image/Boots/10262592?wid=45&hei=60&op_sharpen=1"
    },
    "offers": [
      {
        "text": "Free Narciso Rodriguez mirror and case when you buy selected fragrance - online only, whilst stocks last"
      }
    ],
    "actions": {},
    "iconUri": "https://boots.scene7.com/is/image/Boots/10262592?op_sharpen=1",
    "title": "Narciso Rodriguez for her PURE MUSC Eau de Parfum 50ml",
    "referenceUri": "/narciso-rodriguez-for-her-pure-musc-eau-de-parfum-50ml-10262592",
    "canAddToBasket": "yes",
    "opticians": false,
    "inStock": true,
    "expressDelivery": false,
    "hasOtherPromotion": true,
    "channelPromotionalTextMap": {
      "-1": [
        "Free Narciso Rodriguez mirror and case when you buy selected fragrance - online only, whilst stocks last"
      ],
      "-6": [
        "Free Narciso Rodriguez mirror and case when you buy selected fragrance - online only, whilst stocks last"
      ]
    },
    "adCardPoints": 261
  },
  {
    "_id": {
      "$oid": "65ec108d9884656b92f5593a"
    },
    "ppuQuantity": "30ML",
    "pricing": {
      "perUnit": "£173.33 per 100ML",
      "regular": {
        "value": 65,
        "currency": "GBP",
        "text": "£65.00"
      },
      "current": {
        "value": 52,
        "currency": "GBP",
        "text": "£52.00"
      },
      "saving": {
        "value": 13,
        "currency": "GBP",
        "text": "£13.00"
      }
    },
    "objectId": "2687647",
    "brand": "Hugo Boss",
    "attributes": {
      "fragrance_scent": [
        "woody",
        "amber",
        "fruity"
      ],
      "size": "21-30",
      "gender": "womens",
      "fragrance_type": "eau de parfum",
      "hasPriceAdvantageDeal": false,
      "Reporting_Category": "fragrance",
      "ProductReviewFlag": "1"
    },
    "variants": {
      "colours": [],
      "hasColours": false,
      "hasSizes": false
    },
    "categories": [
      [
        {
          "name": "fragrance",
          "label": "fragrance"
        },
        {
          "name": "gift",
          "label": "gift"
        }
      ],
      [
        {
          "name": "5* rated perfumes & aftershaves",
          "label": "fragrance > 5* rated perfumes & aftershaves"
        },
        {
          "name": "perfume",
          "label": "fragrance > perfume"
        },
        {
          "name": "gifts for her",
          "label": "gift > gifts for her"
        },
        {
          "name": "luxury fragrance",
          "label": "fragrance > luxury fragrance"
        }
      ],
      [
        {
          "name": "all perfumes",
          "label": "fragrance > perfume > all perfumes"
        },
        {
          "name": "amber perfume",
          "label": "fragrance > perfume > amber perfume"
        },
        {
          "name": "all perfumes",
          "label": "gift > gifts for her > all perfumes"
        }
      ]
    ],
    "reviews": {
      "average": 4.64,
      "count": 196,
      "rounded": 4
    },
    "parent": {
      "product": "2687646",
      "partNumber": "10313490.P",
      "model": "10313490",
      "manufacturerModel": "3098834"
    },
    "images": {
      "thumbnail": "https://boots.scene7.com/is/image/Boots/10313490?wid=45&hei=60&op_sharpen=1"
    },
    "offers": [
      {
        "text": "Save up to 20 percent on selected fragrances"
      }
    ],
    "actions": {},
    "iconUri": "https://boots.scene7.com/is/image/Boots/10313490?op_sharpen=1",
    "title": "BOSS Alive Eau de Parfum Intense 30ml",
    "referenceUri": "/boss-alive-eau-de-parfum-intense-30ml-10313490",
    "canAddToBasket": "yes",
    "opticians": false,
    "inStock": true,
    "expressDelivery": false,
    "hasOtherPromotion": true,
    "channelPromotionalTextMap": {
      "-1": [
        "Save up to 20 percent on selected fragrances"
      ],
      "-6": [
        "Save up to 20 percent on selected fragrances"
      ]
    },
    "adCardPoints": 156
  },
  {
    "_id": {
      "$oid": "65ec108d9884656b92f5593b"
    },
    "ppuQuantity": "50ML",
    "pricing": {
      "perUnit": "£152.00 per 100ML",
      "regular": {
        "value": 95,
        "currency": "GBP",
        "text": "£95.00"
      },
      "current": {
        "value": 76,
        "currency": "GBP",
        "text": "£76.00"
      },
      "saving": {
        "value": 19,
        "currency": "GBP",
        "text": "£19.00"
      }
    },
    "objectId": "2663091",
    "brand": "Hugo Boss",
    "attributes": {
      "fragrance_scent": "woody",
      "gender": "womens",
      "StockOverrideMessage": "STOCK_COMING_SOON",
      "size": "41-50",
      "fragrance_type": "eau de parfum",
      "hasPriceAdvantageDeal": false,
      "Reporting_Category": "fragrance",
      "ProductReviewFlag": "1"
    },
    "variants": {
      "colours": [],
      "hasColours": false,
      "hasSizes": false
    },
    "categories": [
      [
        {
          "name": "fragrance",
          "label": "fragrance"
        },
        {
          "name": "gift",
          "label": "gift"
        }
      ],
      [
        {
          "name": "5* rated perfumes & aftershaves",
          "label": "fragrance > 5* rated perfumes & aftershaves"
        },
        {
          "name": "perfume",
          "label": "fragrance > perfume"
        },
        {
          "name": "gifts for her",
          "label": "gift > gifts for her"
        },
        {
          "name": "fragrance offers",
          "label": "fragrance > fragrance offers"
        }
      ],
      [
        {
          "name": "all perfumes",
          "label": "fragrance > perfume > all perfumes"
        },
        {
          "name": "all perfumes",
          "label": "gift > gifts for her > all perfumes"
        }
      ]
    ],
    "reviews": {
      "average": 4.64,
      "count": 196,
      "rounded": 4
    },
    "parent": {
      "product": "2663090",
      "partNumber": "10311257.P",
      "model": "10311257",
      "manufacturerModel": "2218550"
    },
    "images": {
      "thumbnail": "https://boots.scene7.com/is/image/Boots/10311257?wid=45&hei=60&op_sharpen=1"
    },
    "offers": [
      {
        "text": "Save up to 20 percent on selected fragrances"
      }
    ],
    "actions": {},
    "iconUri": "https://boots.scene7.com/is/image/Boots/10311257?op_sharpen=1",
    "title": "BOSS Alive Eau de Parfum Intense 50ml",
    "referenceUri": "/boss-alive-eau-de-parfum-intense-50ml-10311257",
    "canAddToBasket": "yes",
    "opticians": false,
    "inStock": true,
    "expressDelivery": false,
    "hasOtherPromotion": true,
    "channelPromotionalTextMap": {
      "-1": [
        "Save up to 20 percent on selected fragrances"
      ],
      "-6": [
        "Save up to 20 percent on selected fragrances"
      ]
    },
    "adCardPoints": 228
  },
  {
    "_id": {
      "$oid": "65ec108d9884656b92f5593c"
    },
    "ppuQuantity": "50ML",
    "pricing": {
      "perUnit": "£86.00 per 100ML",
      "regular": {
        "value": 43,
        "currency": "GBP",
        "text": "£43.00"
      },
      "current": {
        "value": 43,
        "currency": "GBP",
        "text": "£43.00"
      }
    },
    "objectId": "2438465",
    "brand": "Ariana Grande",
    "attributes": {
      "fragrance_scent": [
        "musk",
        "woody",
        "floral"
      ],
      "size": "41-50",
      "gender": "womens",
      "StockOverrideMessage": "STOCK_COMING_SOON",
      "fragrance_type": "eau de parfum",
      "hasPriceAdvantageDeal": false,
      "Reporting_Category": "fragrance",
      "ProductReviewFlag": "1"
    },
    "variants": {
      "colours": [],
      "hasColours": false,
      "hasSizes": false
    },
    "categories": [
      [
        {
          "name": "fragrance",
          "label": "fragrance"
        },
        {
          "name": "gift",
          "label": "gift"
        }
      ],
      [
        {
          "name": "5* rated perfumes & aftershaves",
          "label": "fragrance > 5* rated perfumes & aftershaves"
        },
        {
          "name": "perfume",
          "label": "fragrance > perfume"
        },
        {
          "name": "gifts for her",
          "label": "gift > gifts for her"
        }
      ],
      [
        {
          "name": "all perfumes",
          "label": "fragrance > perfume > all perfumes"
        },
        {
          "name": "musky perfume",
          "label": "fragrance > perfume > musky perfume"
        },
        {
          "name": "floral perfume",
          "label": "fragrance > perfume > floral perfume"
        },
        {
          "name": "all perfumes",
          "label": "gift > gifts for her > all perfumes"
        }
      ]
    ],
    "reviews": {
      "average": 4.64,
      "count": 25,
      "rounded": 4
    },
    "parent": {
      "product": "2438464",
      "partNumber": "10286504.P",
      "model": "10286504",
      "manufacturerModel": "8986207"
    },
    "images": {
      "thumbnail": "https://boots.scene7.com/is/image/Boots/10286504?wid=45&hei=60&op_sharpen=1"
    },
    "offers": [],
    "actions": {},
    "iconUri": "https://boots.scene7.com/is/image/Boots/10286504?op_sharpen=1",
    "title": "Ariana Grande R.E.M. Eau de Parfum 50ml",
    "referenceUri": "/ariana-grande-rem-edp-50ml-10286504",
    "canAddToBasket": "yes",
    "opticians": false,
    "inStock": true,
    "expressDelivery": false,
    "hasOtherPromotion": false,
    "channelPromotionalTextMap": {
      "-1": [],
      "-6": []
    },
    "adCardPoints": 129
  },
  {
    "_id": {
      "$oid": "65ec108d9884656b92f5593d"
    },
    "ppuQuantity": "100ML",
    "pricing": {
      "perUnit": "£112.00 per 100ML",
      "regular": {
        "value": 140,
        "currency": "GBP",
        "text": "£140.00"
      },
      "current": {
        "value": 112,
        "currency": "GBP",
        "text": "£112.00"
      },
      "saving": {
        "value": 28,
        "currency": "GBP",
        "text": "£28.00"
      }
    },
    "objectId": "2575027",
    "brand": "Estee Lauder",
    "attributes": {
      "fragrance_scent": "floral",
      "size": "71-100",
      "gender": "womens",
      "StockOverrideMessage": "STOCK_COMING_SOON",
      "fragrance_type": "eau de parfum",
      "format": "spray",
      "hasPriceAdvantageDeal": false,
      "Reporting_Category": "fragrance",
      "ProductReviewFlag": "1"
    },
    "variants": {
      "colours": [],
      "hasColours": false,
      "hasSizes": false
    },
    "categories": [
      [
        {
          "name": "fragrance",
          "label": "fragrance"
        },
        {
          "name": "beauty & skincare",
          "label": "beauty & skincare"
        },
        {
          "name": "gift",
          "label": "gift"
        }
      ],
      [
        {
          "name": "5* rated perfumes & aftershaves",
          "label": "fragrance > 5* rated perfumes & aftershaves"
        },
        {
          "name": "premium beauty & skincare",
          "label": "beauty & skincare > premium beauty & skincare"
        },
        {
          "name": "perfume",
          "label": "fragrance > perfume"
        },
        {
          "name": "gifts for her",
          "label": "gift > gifts for her"
        }
      ],
      [
        {
          "name": "save up to 25% across selected premium beauty and No7",
          "label": "beauty & skincare > premium beauty & skincare > save up to 25% across selected premium beauty and No7"
        },
        {
          "name": "all perfumes",
          "label": "fragrance > perfume > all perfumes"
        },
        {
          "name": "floral perfume",
          "label": "fragrance > perfume > floral perfume"
        },
        {
          "name": "all perfumes",
          "label": "gift > gifts for her > all perfumes"
        }
      ]
    ],
    "reviews": {
      "average": 4.63,
      "count": 1091,
      "rounded": 4
    },
    "parent": {
      "product": "2575026",
      "partNumber": "10299516.P",
      "model": "10299516",
      "manufacturerModel": "4908988"
    },
    "images": {
      "thumbnail": "https://boots.scene7.com/is/image/Boots/10299516?wid=45&hei=60&op_sharpen=1"
    },
    "offers": [
      {
        "text": "Save up to 25 percent across selected Premium Beauty"
      }
    ],
    "actions": {},
    "iconUri": "https://boots.scene7.com/is/image/Boots/10299516?op_sharpen=1",
    "title": "Estée Lauder Dream Dusk Eau de Parfum Spray 100ml",
    "referenceUri": "/estee-lauder-dream-dusk-eau-de-parfum-spray-100ml-10299516",
    "canAddToBasket": "yes",
    "opticians": false,
    "inStock": true,
    "expressDelivery": false,
    "hasOtherPromotion": true,
    "channelPromotionalTextMap": {
      "-1": [
        "Save up to 25 percent across selected Premium Beauty"
      ],
      "-6": [
        "Save up to 25 percent across selected Premium Beauty"
      ]
    },
    "adCardPoints": 336
  },
  {
    "_id": {
      "$oid": "65ec108d9884656b92f5593e"
    },
    "ppuQuantity": "100ML",
    "pricing": {
      "perUnit": "£42.40 per 100ML",
      "regular": {
        "value": 53,
        "currency": "GBP",
        "text": "£53.00"
      },
      "current": {
        "value": 42.4,
        "currency": "GBP",
        "text": "£42.40"
      },
      "saving": {
        "value": 10.6,
        "currency": "GBP",
        "text": "£10.60"
      }
    },
    "objectId": "2901",
    "brand": "Calvin Klein",
    "attributes": {
      "fragrance_scent": [
        "woody",
        "amber",
        "floral",
        "citrus",
        "fruity",
        "musk"
      ],
      "gender": "unisex",
      "StockOverrideMessage": "STOCK_COMING_SOON",
      "size": "71-100",
      "parentCategory_UK": "33092",
      "fragrance_type": [
        "aftershave",
        "eau de toilette"
      ],
      "hasPriceAdvantageDeal": false,
      "Reporting_Category": "fragrance",
      "ProductReviewFlag": "1"
    },
    "variants": {
      "colours": [],
      "hasColours": false,
      "hasSizes": false
    },
    "categories": [
      [
        {
          "name": "men's",
          "label": "men's"
        },
        {
          "name": "toiletries",
          "label": "toiletries"
        },
        {
          "name": "fragrance",
          "label": "fragrance"
        },
        {
          "name": "gift",
          "label": "gift"
        }
      ],
      [
        {
          "name": "aftershave",
          "label": "men's > aftershave"
        },
        {
          "name": "men's toiletries",
          "label": "toiletries > men's toiletries"
        },
        {
          "name": "men's toiletries",
          "label": "men's > men's toiletries"
        },
        {
          "name": "perfume",
          "label": "fragrance > perfume"
        },
        {
          "name": "aftershave",
          "label": "fragrance > aftershave"
        },
        {
          "name": "fragrance offers",
          "label": "fragrance > fragrance offers"
        },
        {
          "name": "gifts for him",
          "label": "gift > gifts for him"
        },
        {
          "name": "gifts for her",
          "label": "gift > gifts for her"
        },
        {
          "name": "all gifts",
          "label": "gift > all gifts"
        }
      ],
      [
        {
          "name": "aftershave",
          "label": "toiletries > men's toiletries > aftershave"
        },
        {
          "name": "aftershave",
          "label": "men's > men's toiletries > aftershave"
        },
        {
          "name": "all perfumes",
          "label": "fragrance > perfume > all perfumes"
        },
        {
          "name": "floral perfume",
          "label": "fragrance > perfume > floral perfume"
        },
        {
          "name": "all aftershave",
          "label": "fragrance > aftershave > all aftershave"
        },
        {
          "name": "save up to 60 percent",
          "label": "fragrance > fragrance offers > save up to 60 percent"
        },
        {
          "name": "save up to 20% on fragrance",
          "label": "fragrance > fragrance offers > save up to 20% on fragrance"
        },
        {
          "name": "Save 15% on 100s of fragrances",
          "label": "fragrance > fragrance offers > Save 15% on 100s of fragrances"
        },
        {
          "name": "all aftershave",
          "label": "gift > gifts for him > all aftershave"
        },
        {
          "name": "all perfumes",
          "label": "gift > gifts for her > all perfumes"
        },
        {
          "name": "all aftershave",
          "label": "men's > aftershave > all aftershave"
        }
      ],
      [
        {
          "name": "all aftershave",
          "label": "toiletries > men's toiletries > aftershave > all aftershave"
        },
        {
          "name": "all aftershave",
          "label": "men's > men's toiletries > aftershave > all aftershave"
        }
      ]
    ],
    "reviews": {
      "average": 4.62,
      "count": 1477,
      "rounded": 4
    },
    "parent": {
      "product": "2900",
      "partNumber": "10011373.P",
      "model": "10011373",
      "manufacturerModel": "1956884"
    },
    "images": {
      "thumbnail": "https://boots.scene7.com/is/image/Boots/10011373?wid=45&hei=60&op_sharpen=1"
    },
    "offers": [
      {
        "text": "Save up to 20 percent on selected fragrances"
      }
    ],
    "actions": {},
    "iconUri": "https://boots.scene7.com/is/image/Boots/10011373?op_sharpen=1",
    "title": "Calvin Klein CK One Unisex Eau de Toilette 100ml",
    "referenceUri": "/calvin-klein-ck-one-eau-de-toilette-100ml-10011373",
    "canAddToBasket": "yes",
    "opticians": false,
    "inStock": true,
    "expressDelivery": false,
    "hasOtherPromotion": true,
    "channelPromotionalTextMap": {
      "-1": [
        "Save up to 20 percent on selected fragrances"
      ],
      "-6": [
        "Save up to 20 percent on selected fragrances"
      ]
    },
    "adCardPoints": 126
  },
  {
    "_id": {
      "$oid": "65ec108d9884656b92f5593f"
    },
    "ppuQuantity": "100ML",
    "pricing": {
      "perUnit": "£106.25 per 100ML",
      "regular": {
        "value": 125,
        "currency": "GBP",
        "text": "£125.00"
      },
      "current": {
        "value": 106.25,
        "currency": "GBP",
        "text": "£106.25"
      },
      "saving": {
        "value": 18.75,
        "currency": "GBP",
        "text": "£18.75"
      }
    },
    "objectId": "2870217",
    "brand": "Prada",
    "attributes": {
      "fragrance_scent": [
        "citrus",
        "floral"
      ],
      "product_type": [
        "perfume",
        "body spray"
      ],
      "gender": [
        "unisex",
        "womens"
      ],
      "StockOverrideMessage": "STOCK_COMING_SOON",
      "size": "71-100",
      "fragrance_type": "eau de parfum",
      "format": "spray",
      "hasPriceAdvantageDeal": false,
      "ProductReviewFlag": "1"
    },
    "variants": {
      "colours": [],
      "hasColours": false,
      "hasSizes": false
    },
    "categories": [
      [
        {
          "name": "fragrance",
          "label": "fragrance"
        },
        {
          "name": "gift",
          "label": "gift"
        },
        {
          "name": "new in",
          "label": "new in"
        }
      ],
      [
        {
          "name": "perfume",
          "label": "fragrance > perfume"
        },
        {
          "name": "gifts for her",
          "label": "gift > gifts for her"
        },
        {
          "name": "luxury fragrance",
          "label": "fragrance > luxury fragrance"
        },
        {
          "name": "new in fragrance",
          "label": "fragrance > new in fragrance"
        },
        {
          "name": "brands",
          "label": "fragrance > brands"
        },
        {
          "name": "new in fragrance",
          "label": "new in > new in fragrance"
        }
      ],
      [
        {
          "name": "all perfumes",
          "label": "fragrance > perfume > all perfumes"
        },
        {
          "name": "musky perfume",
          "label": "fragrance > perfume > musky perfume"
        },
        {
          "name": "floral perfume",
          "label": "fragrance > perfume > floral perfume"
        },
        {
          "name": "all perfumes",
          "label": "gift > gifts for her > all perfumes"
        }
      ]
    ],
    "reviews": {
      "average": 4.62,
      "count": 188,
      "rounded": 4
    },
    "parent": {
      "product": "2870216",
      "partNumber": "10333162.P",
      "model": "10333162",
      "manufacturerModel": "5763169"
    },
    "images": {
      "thumbnail": "https://boots.scene7.com/is/image/Boots/10333162?wid=45&hei=60&op_sharpen=1"
    },
    "offers": [
      {
        "text": "Save up to 20 percent on selected fragrances"
      }
    ],
    "actions": {},
    "iconUri": "https://boots.scene7.com/is/image/Boots/10333162?op_sharpen=1",
    "title": "Prada Infusion d'Ylang Eau de Parfum 100ml",
    "referenceUri": "/prada-infusion-d%27ylang-eau-de-parfum-100ml-10333162",
    "canAddToBasket": "yes",
    "opticians": false,
    "inStock": true,
    "expressDelivery": false,
    "hasOtherPromotion": true,
    "channelPromotionalTextMap": {
      "-1": [
        "Save up to 20 percent on selected fragrances"
      ],
      "-6": [
        "Save up to 20 percent on selected fragrances"
      ]
    },
    "adCardPoints": 318
  },
  {
    "_id": {
      "$oid": "65ec108d9884656b92f55940"
    },
    "ppuQuantity": "100ML",
    "pricing": {
      "perUnit": "£114.75 per 100ML",
      "regular": {
        "value": 135,
        "currency": "GBP",
        "text": "£135.00"
      },
      "current": {
        "value": 114.75,
        "currency": "GBP",
        "text": "£114.75"
      },
      "saving": {
        "value": 20.25,
        "currency": "GBP",
        "text": "£20.25"
      }
    },
    "objectId": "2870209",
    "brand": "Prada",
    "attributes": {
      "fragrance_scent": "floral",
      "product_type": "perfume",
      "gender": "unisex",
      "StockOverrideMessage": "STOCK_COMING_SOON",
      "size": "71-100",
      "fragrance_type": "eau de parfum",
      "format": "spray",
      "hasPriceAdvantageDeal": false,
      "ProductReviewFlag": "1"
    },
    "variants": {
      "colours": [],
      "hasColours": false,
      "hasSizes": false
    },
    "categories": [
      [
        {
          "name": "new in",
          "label": "new in"
        },
        {
          "name": "fragrance",
          "label": "fragrance"
        },
        {
          "name": "gift",
          "label": "gift"
        }
      ],
      [
        {
          "name": "perfume",
          "label": "fragrance > perfume"
        },
        {
          "name": "gifts for her",
          "label": "gift > gifts for her"
        },
        {
          "name": "luxury fragrance",
          "label": "fragrance > luxury fragrance"
        },
        {
          "name": "new in fragrance",
          "label": "fragrance > new in fragrance"
        },
        {
          "name": "brands",
          "label": "fragrance > brands"
        },
        {
          "name": "new in fragrance",
          "label": "new in > new in fragrance"
        }
      ],
      [
        {
          "name": "all perfumes",
          "label": "fragrance > perfume > all perfumes"
        },
        {
          "name": "floral perfume",
          "label": "fragrance > perfume > floral perfume"
        },
        {
          "name": "all perfumes",
          "label": "gift > gifts for her > all perfumes"
        }
      ]
    ],
    "reviews": {
      "average": 4.61,
      "count": 192,
      "rounded": 4
    },
    "parent": {
      "product": "2870208",
      "partNumber": "10333158.P",
      "model": "10333158",
      "manufacturerModel": "5763126"
    },
    "images": {
      "thumbnail": "https://boots.scene7.com/is/image/Boots/10333158?wid=45&hei=60&op_sharpen=1"
    },
    "offers": [
      {
        "text": "Save up to 20 percent on selected fragrances"
      }
    ],
    "actions": {},
    "iconUri": "https://boots.scene7.com/is/image/Boots/10333158?op_sharpen=1",
    "title": "Prada Infusion de Rose Eau de Parfum 100ml",
    "referenceUri": "/prada-infusion-de-rose-eau-de-parfum-100ml-10333158",
    "canAddToBasket": "yes",
    "opticians": false,
    "inStock": true,
    "expressDelivery": false,
    "hasOtherPromotion": true,
    "channelPromotionalTextMap": {
      "-1": [
        "Save up to 20 percent on selected fragrances"
      ],
      "-6": [
        "Save up to 20 percent on selected fragrances"
      ]
    },
    "adCardPoints": 342
  },
  {
    "_id": {
      "$oid": "65ec108d9884656b92f55941"
    },
    "ppuQuantity": "50ML",
    "pricing": {
      "perUnit": "£126.00 per 100ML",
      "regular": {
        "value": 63,
        "currency": "GBP",
        "text": "£63.00"
      },
      "current": {
        "value": 63,
        "currency": "GBP",
        "text": "£63.00"
      }
    },
    "objectId": "2812647",
    "brand": "Issey Miyake",
    "attributes": {
      "fragrance_scent": "musk",
      "gender": "mens",
      "size": "41-50",
      "StockOverrideMessage": "STOCK_COMING_SOON",
      "fragrance_type": "eau de toilette",
      "hasPriceAdvantageDeal": false,
      "ProductReviewFlag": "1"
    },
    "variants": {
      "colours": [],
      "hasColours": false,
      "hasSizes": false
    },
    "categories": [
      [
        {
          "name": "fragrance",
          "label": "fragrance"
        },
        {
          "name": "gift",
          "label": "gift"
        }
      ],
      [
        {
          "name": "5* rated perfumes & aftershaves",
          "label": "fragrance > 5* rated perfumes & aftershaves"
        },
        {
          "name": "perfume",
          "label": "fragrance > perfume"
        },
        {
          "name": "gifts for her",
          "label": "gift > gifts for her"
        },
        {
          "name": "luxury fragrance",
          "label": "fragrance > luxury fragrance"
        },
        {
          "name": "brands",
          "label": "fragrance > brands"
        }
      ],
      [
        {
          "name": "all perfumes",
          "label": "fragrance > perfume > all perfumes"
        },
        {
          "name": "musky perfume",
          "label": "fragrance > perfume > musky perfume"
        },
        {
          "name": "amber perfume",
          "label": "fragrance > perfume > amber perfume"
        },
        {
          "name": "all perfumes",
          "label": "gift > gifts for her > all perfumes"
        }
      ]
    ],
    "reviews": {
      "average": 4.61,
      "count": 618,
      "rounded": 4
    },
    "parent": {
      "product": "2812646",
      "partNumber": "10326254.P",
      "model": "10326254",
      "manufacturerModel": "5435293"
    },
    "images": {
      "thumbnail": "https://boots.scene7.com/is/image/Boots/10326254?wid=45&hei=60&op_sharpen=1"
    },
    "offers": [],
    "actions": {},
    "iconUri": "https://boots.scene7.com/is/image/Boots/10326254?op_sharpen=1",
    "title": "Issey Miyake L'Eau d'Issey Vétiver Pour Homme Eau de Toilette Intense 50ml",
    "referenceUri": "/issey-miyake-leau-dissey-vetiver-pour-homme-eau-de-toilette-intense-50ml-10326254",
    "canAddToBasket": "yes",
    "opticians": false,
    "inStock": true,
    "expressDelivery": false,
    "hasOtherPromotion": false,
    "channelPromotionalTextMap": {
      "-1": [],
      "-6": []
    },
    "adCardPoints": 189
  },
  {
    "_id": {
      "$oid": "65ec108d9884656b92f55942"
    },
    "ppuQuantity": "100ML",
    "pricing": {
      "perUnit": "£91.00 per 100ML",
      "regular": {
        "value": 91,
        "currency": "GBP",
        "text": "£91.00"
      },
      "current": {
        "value": 91,
        "currency": "GBP",
        "text": "£91.00"
      }
    },
    "objectId": "2793623",
    "brand": "Jimmy Choo",
    "attributes": {
      "fragrance_scent": "floral",
      "StockOverrideMessage": "STOCK_COMING_SOON",
      "size": "71-100",
      "gender": "womens",
      "fragrance_type": "eau de parfum",
      "hasPriceAdvantageDeal": false,
      "ProductReviewFlag": "1"
    },
    "variants": {
      "colours": [],
      "hasColours": false,
      "hasSizes": false
    },
    "categories": [
      [
        {
          "name": "new in",
          "label": "new in"
        },
        {
          "name": "fragrance",
          "label": "fragrance"
        },
        {
          "name": "gift",
          "label": "gift"
        }
      ],
      [
        {
          "name": "new in fragrance",
          "label": "new in > new in fragrance"
        },
        {
          "name": "perfume",
          "label": "fragrance > perfume"
        },
        {
          "name": "gifts for her",
          "label": "gift > gifts for her"
        },
        {
          "name": "new in fragrance",
          "label": "fragrance > new in fragrance"
        },
        {
          "name": "brands",
          "label": "fragrance > brands"
        }
      ],
      [
        {
          "name": "all perfumes",
          "label": "fragrance > perfume > all perfumes"
        },
        {
          "name": "floral perfume",
          "label": "fragrance > perfume > floral perfume"
        },
        {
          "name": "all perfumes",
          "label": "gift > gifts for her > all perfumes"
        }
      ]
    ],
    "reviews": {
      "average": 4.6,
      "count": 194,
      "rounded": 4
    },
    "parent": {
      "product": "2793622",
      "partNumber": "10323936.P",
      "model": "10323936",
      "manufacturerModel": "5290813"
    },
    "images": {
      "thumbnail": "https://boots.scene7.com/is/image/Boots/10323936?wid=45&hei=60&op_sharpen=1"
    },
    "offers": [
      {
        "text": "Free gift when you buy selected Jimmy Choo fragrances - online only, whilst stocks last"
      }
    ],
    "actions": {},
    "iconUri": "https://boots.scene7.com/is/image/Boots/10323936?op_sharpen=1",
    "title": "Jimmy Choo Rose Passion Eau de Parfum 100ml",
    "referenceUri": "/jimmy-choo-rose-passion-eau-de-parfum-100ml-10323936",
    "canAddToBasket": "yes",
    "opticians": false,
    "inStock": true,
    "expressDelivery": false,
    "hasOtherPromotion": true,
    "channelPromotionalTextMap": {
      "-1": [
        "Free gift when you buy selected Jimmy Choo fragrances - online only, whilst stocks last"
      ],
      "-6": [
        "Free gift when you buy selected Jimmy Choo fragrances - online only, whilst stocks last"
      ]
    },
    "adCardPoints": 273
  },
  {
    "_id": {
      "$oid": "65ec108d9884656b92f55943"
    },
    "ppuQuantity": "50ML",
    "pricing": {
      "perUnit": "£140.00 per 100ML",
      "regular": {
        "value": 70,
        "currency": "GBP",
        "text": "£70.00"
      },
      "current": {
        "value": 70,
        "currency": "GBP",
        "text": "£70.00"
      }
    },
    "objectId": "2636645",
    "brand": "Issey Miyake",
    "attributes": {
      "fragrance_scent": [
        "fruity",
        "aquatic",
        "floral",
        "woody"
      ],
      "size": "41-50",
      "gender": "womens",
      "fragrance_type": "eau de toilette",
      "format": "spray",
      "hasPriceAdvantageDeal": false,
      "Reporting_Category": "fragrance",
      "body_area": "body",
      "ProductReviewFlag": "1"
    },
    "variants": {
      "colours": [],
      "hasColours": false,
      "hasSizes": false
    },
    "categories": [
      [
        {
          "name": "fragrance",
          "label": "fragrance"
        },
        {
          "name": "gift",
          "label": "gift"
        }
      ],
      [
        {
          "name": "5* rated perfumes & aftershaves",
          "label": "fragrance > 5* rated perfumes & aftershaves"
        },
        {
          "name": "perfume",
          "label": "fragrance > perfume"
        },
        {
          "name": "gifts for her",
          "label": "gift > gifts for her"
        },
        {
          "name": "luxury fragrance",
          "label": "fragrance > luxury fragrance"
        }
      ],
      [
        {
          "name": "all perfumes",
          "label": "fragrance > perfume > all perfumes"
        },
        {
          "name": "floral perfume",
          "label": "fragrance > perfume > floral perfume"
        },
        {
          "name": "all perfumes",
          "label": "gift > gifts for her > all perfumes"
        }
      ]
    ],
    "reviews": {
      "average": 4.6,
      "count": 401,
      "rounded": 4
    },
    "parent": {
      "product": "2636644",
      "partNumber": "10306165.P",
      "model": "10306165",
      "manufacturerModel": "8998760"
    },
    "images": {
      "thumbnail": "https://boots.scene7.com/is/image/Boots/10306165?wid=45&hei=60&op_sharpen=1"
    },
    "offers": [],
    "actions": {},
    "iconUri": "https://boots.scene7.com/is/image/Boots/10306165?op_sharpen=1",
    "title": "Issey Miyake L'Eau d'Issey Eau & Magnolia Eau de Toilette Intense 50ml",
    "referenceUri": "/issey-miyake-leau-dissey-eau-magnolia-eau-de-toilette-intense-50ml-10306165",
    "canAddToBasket": "yes",
    "opticians": false,
    "inStock": true,
    "expressDelivery": false,
    "hasOtherPromotion": false,
    "channelPromotionalTextMap": {
      "-1": [],
      "-6": []
    },
    "adCardPoints": 210
  },
  {
    "_id": {
      "$oid": "65ec108d9884656b92f55944"
    },
    "ppuQuantity": "50ML",
    "pricing": {
      "perUnit": "£107.20 per 100ML",
      "regular": {
        "value": 67,
        "currency": "GBP",
        "text": "£67.00"
      },
      "current": {
        "value": 53.6,
        "currency": "GBP",
        "text": "£53.60"
      },
      "saving": {
        "value": 13.4,
        "currency": "GBP",
        "text": "£13.40"
      }
    },
    "objectId": "950317",
    "brand": "Hugo Boss",
    "attributes": {
      "fragrance_scent": [
        "woody",
        "amber"
      ],
      "gender": "womens",
      "StockOverrideMessage": "SOLD_OUT",
      "size": "41-50",
      "Size": "50ml",
      "parentCategory_UK": "33071",
      "fragrance_type": "eau de toilette",
      "recipient": "gifts for women",
      "hasPriceAdvantageDeal": false,
      "Reporting_Category": "fragrance",
      "gift_type": "fragrance gifts",
      "ProductReviewFlag": "1"
    },
    "variants": {
      "colours": [],
      "hasColours": false,
      "hasSizes": false
    },
    "categories": [
      [
        {
          "name": "fragrance",
          "label": "fragrance"
        },
        {
          "name": "gift",
          "label": "gift"
        }
      ],
      [
        {
          "name": "5* rated perfumes & aftershaves",
          "label": "fragrance > 5* rated perfumes & aftershaves"
        },
        {
          "name": "perfume",
          "label": "fragrance > perfume"
        },
        {
          "name": "fragrance offers",
          "label": "fragrance > fragrance offers"
        },
        {
          "name": "gifts for her",
          "label": "gift > gifts for her"
        }
      ],
      [
        {
          "name": "all perfumes",
          "label": "fragrance > perfume > all perfumes"
        },
        {
          "name": "amber perfume",
          "label": "fragrance > perfume > amber perfume"
        },
        {
          "name": "save up to 60 percent",
          "label": "fragrance > fragrance offers > save up to 60 percent"
        },
        {
          "name": "save up to 20% on fragrance",
          "label": "fragrance > fragrance offers > save up to 20% on fragrance"
        },
        {
          "name": "all perfumes",
          "label": "gift > gifts for her > all perfumes"
        }
      ]
    ],
    "reviews": {
      "average": 4.59,
      "count": 219,
      "rounded": 4
    },
    "parent": {
      "product": "950316",
      "partNumber": "10090048.P",
      "model": "10090048",
      "manufacturerModel": "2755963"
    },
    "images": {
      "thumbnail": "https://boots.scene7.com/is/image/Boots/10090048?wid=45&hei=60&op_sharpen=1"
    },
    "offers": [
      {
        "text": "Save up to 20 percent on selected fragrances"
      }
    ],
    "actions": {},
    "iconUri": "https://boots.scene7.com/is/image/Boots/10090048?op_sharpen=1",
    "title": "BOSS Woman Eau de Toilette 50ml",
    "referenceUri": "/hugo-boss-boss-orange-woman-eau-de-toilette-50ml-10090048",
    "canAddToBasket": "yes",
    "opticians": false,
    "inStock": true,
    "expressDelivery": false,
    "hasOtherPromotion": true,
    "channelPromotionalTextMap": {
      "-1": [
        "Save up to 20 percent on selected fragrances"
      ],
      "-6": [
        "Save up to 20 percent on selected fragrances"
      ]
    },
    "adCardPoints": 159
  },
  {
    "_id": {
      "$oid": "65ec108d9884656b92f55945"
    },
    "ppuQuantity": "100ML",
    "pricing": {
      "perUnit": "£96.90 per 100ML",
      "regular": {
        "value": 114,
        "currency": "GBP",
        "text": "£114.00"
      },
      "current": {
        "value": 96.9,
        "currency": "GBP",
        "text": "£96.90"
      },
      "saving": {
        "value": 17.1,
        "currency": "GBP",
        "text": "£17.10"
      }
    },
    "objectId": "1943932",
    "brand": "Christian Dior",
    "attributes": {
      "fragrance_scent": [
        "vanilla",
        "floral",
        "fruity",
        "citrus"
      ],
      "gender": "womens",
      "size": "71-100",
      "StockOverrideMessage": "STOCK_COMING_SOON",
      "parentCategory_UK": "33071",
      "format": "spray",
      "fragrance_type": "eau de toilette",
      "hasPriceAdvantageDeal": false,
      "Reporting_Category": "fragrance",
      "ProductReviewFlag": "1"
    },
    "variants": {
      "colours": [],
      "hasColours": false,
      "hasSizes": false
    },
    "categories": [
      [
        {
          "name": "fragrance",
          "label": "fragrance"
        },
        {
          "name": "gift",
          "label": "gift"
        }
      ],
      [
        {
          "name": "5* rated perfumes & aftershaves",
          "label": "fragrance > 5* rated perfumes & aftershaves"
        },
        {
          "name": "perfume",
          "label": "fragrance > perfume"
        },
        {
          "name": "gifts for her",
          "label": "gift > gifts for her"
        }
      ],
      [
        {
          "name": "all perfumes",
          "label": "fragrance > perfume > all perfumes"
        },
        {
          "name": "vanilla perfume",
          "label": "fragrance > perfume > vanilla perfume"
        },
        {
          "name": "floral perfume",
          "label": "fragrance > perfume > floral perfume"
        },
        {
          "name": "all perfumes",
          "label": "gift > gifts for her > all perfumes"
        }
      ]
    ],
    "reviews": {
      "average": 4.58,
      "count": 19,
      "rounded": 4
    },
    "parent": {
      "product": "1943931",
      "partNumber": "10226500.P",
      "model": "10226500",
      "manufacturerModel": "6867960"
    },
    "images": {
      "thumbnail": "https://boots.scene7.com/is/image/Boots/10226500?wid=45&hei=60&op_sharpen=1"
    },
    "offers": [
      {
        "text": "Save up to 20 percent on selected fragrances"
      }
    ],
    "actions": {},
    "iconUri": "https://boots.scene7.com/is/image/Boots/10226500?op_sharpen=1",
    "title": "DIOR Poison Girl Eau de Toilette 100ml",
    "referenceUri": "/dior-poison-girl-eau-de-toilette-100ml-10226500",
    "canAddToBasket": "yes",
    "opticians": false,
    "inStock": true,
    "expressDelivery": false,
    "hasOtherPromotion": true,
    "channelPromotionalTextMap": {
      "-1": [
        "Save up to 20 percent on selected fragrances"
      ],
      "-6": [
        "Save up to 20 percent on selected fragrances"
      ]
    },
    "adCardPoints": 288
  },
  {
    "_id": {
      "$oid": "65ec108d9884656b92f55946"
    },
    "ppuQuantity": "50ML",
    "pricing": {
      "perUnit": "£174.00 per 100ML",
      "regular": {
        "value": 87,
        "currency": "GBP",
        "text": "£87.00"
      },
      "current": {
        "value": 87,
        "currency": "GBP",
        "text": "£87.00"
      }
    },
    "objectId": "2690136",
    "brand": "Narciso Rodriguez",
    "attributes": {
      "fragrance_scent": [
        "jasmine",
        "musk",
        "floral"
      ],
      "suitable_for": "vegan",
      "StockOverrideMessage": "STOCK_COMING_SOON",
      "gender": "womens",
      "size": "41-50",
      "recipient": "gifts for women",
      "fragrance_type": "eau de parfum",
      "hasPriceAdvantageDeal": false,
      "gift_type": "fragrance gifts",
      "ProductReviewFlag": "1"
    },
    "variants": {
      "colours": [],
      "hasColours": false,
      "hasSizes": false
    },
    "categories": [
      [
        {
          "name": "vegan",
          "label": "vegan"
        },
        {
          "name": "fragrance",
          "label": "fragrance"
        },
        {
          "name": "gift",
          "label": "gift"
        },
        {
          "name": "wellness",
          "label": "wellness"
        },
        {
          "name": "beauty & skincare",
          "label": "beauty & skincare"
        }
      ],
      [
        {
          "name": "vegan fragrance",
          "label": "vegan > vegan fragrance"
        },
        {
          "name": "perfume",
          "label": "fragrance > perfume"
        },
        {
          "name": "gifts for her",
          "label": "gift > gifts for her"
        },
        {
          "name": "sustainability at Boots",
          "label": "wellness > sustainability at Boots"
        },
        {
          "name": "vegan",
          "label": "wellness > vegan"
        },
        {
          "name": "vegan beauty",
          "label": "beauty & skincare > vegan beauty"
        },
        {
          "name": "5* rated perfumes & aftershaves",
          "label": "fragrance > 5* rated perfumes & aftershaves"
        },
        {
          "name": "vegan fragrance",
          "label": "fragrance > vegan fragrance"
        },
        {
          "name": "all vegan products",
          "label": "wellness > all vegan products"
        },
        {
          "name": "vegan beauty",
          "label": "vegan > vegan beauty"
        },
        {
          "name": "all vegan products",
          "label": "vegan > all vegan products"
        }
      ],
      [
        {
          "name": "all perfumes",
          "label": "fragrance > perfume > all perfumes"
        },
        {
          "name": "floral perfume",
          "label": "fragrance > perfume > floral perfume"
        },
        {
          "name": "all perfumes",
          "label": "gift > gifts for her > all perfumes"
        },
        {
          "name": "vegan",
          "label": "wellness > sustainability at Boots > vegan"
        },
        {
          "name": "vegan beauty",
          "label": "wellness > vegan > vegan beauty"
        },
        {
          "name": "all vegan products",
          "label": "wellness > vegan > all vegan products"
        },
        {
          "name": "vegan fragrance",
          "label": "wellness > vegan > vegan fragrance"
        }
      ]
    ],
    "reviews": {
      "average": 4.57,
      "count": 595,
      "rounded": 4
    },
    "parent": {
      "product": "2690135",
      "partNumber": "10313735.P",
      "model": "10313735",
      "manufacturerModel": "3195074"
    },
    "images": {
      "thumbnail": "https://boots.scene7.com/is/image/Boots/10313735?wid=45&hei=60&op_sharpen=1"
    },
    "offers": [
      {
        "text": "Free Narciso Rodriguez mirror and case when you buy selected fragrance - online only, whilst stocks last"
      }
    ],
    "actions": {},
    "iconUri": "https://boots.scene7.com/is/image/Boots/10313735?op_sharpen=1",
    "title": "Narciso Rodriguez NARCISO Cristal Eau de Parfum 50ml",
    "referenceUri": "/narciso-rodriguez-narciso-cristal-eau-de-parfum-50ml--10313735",
    "canAddToBasket": "yes",
    "opticians": false,
    "inStock": true,
    "expressDelivery": false,
    "hasOtherPromotion": true,
    "channelPromotionalTextMap": {
      "-1": [
        "Free Narciso Rodriguez mirror and case when you buy selected fragrance - online only, whilst stocks last"
      ],
      "-6": [
        "Free Narciso Rodriguez mirror and case when you buy selected fragrance - online only, whilst stocks last"
      ]
    },
    "adCardPoints": 261
  },
  {
    "_id": {
      "$oid": "65ec108d9884656b92f55947"
    },
    "ppuQuantity": "100ML",
    "pricing": {
      "perUnit": "£49.00 per 100ML",
      "regular": {
        "value": 49,
        "currency": "GBP",
        "text": "£49.00"
      },
      "current": {
        "value": 49,
        "currency": "GBP",
        "text": "£49.00"
      }
    },
    "objectId": "2677119",
    "brand": "Billie Eilish",
    "attributes": {
      "fragrance_scent": [
        "musk",
        "sweet",
        "vanilla",
        "amber"
      ],
      "suitable_for": "vegan",
      "gender": "womens",
      "fragrance_type": "eau de parfum",
      "format": "spray",
      "Reporting_Category": "fragrance",
      "body_area": "body",
      "size": "71-100",
      "hasPriceAdvantageDeal": false,
      "key_features": "cruelty-free",
      "free_from": "paraben-free",
      "ProductReviewFlag": "1"
    },
    "variants": {
      "colours": [],
      "hasColours": false,
      "hasSizes": false
    },
    "categories": [
      [
        {
          "name": "gift",
          "label": "gift"
        },
        {
          "name": "fragrance",
          "label": "fragrance"
        }
      ],
      [
        {
          "name": "Eid gifts",
          "label": "gift > Eid gifts"
        },
        {
          "name": "perfume",
          "label": "fragrance > perfume"
        },
        {
          "name": "gifts for her",
          "label": "gift > gifts for her"
        },
        {
          "name": "celebrity fragrance",
          "label": "fragrance > celebrity fragrance"
        }
      ],
      [
        {
          "name": "all perfumes",
          "label": "fragrance > perfume > all perfumes"
        },
        {
          "name": "vanilla perfume",
          "label": "fragrance > perfume > vanilla perfume"
        },
        {
          "name": "musky perfume",
          "label": "fragrance > perfume > musky perfume"
        },
        {
          "name": "amber perfume",
          "label": "fragrance > perfume > amber perfume"
        },
        {
          "name": "all perfumes",
          "label": "gift > gifts for her > all perfumes"
        }
      ]
    ],
    "reviews": {
      "average": 4.57,
      "count": 47,
      "rounded": 4
    },
    "parent": {
      "product": "2677118",
      "partNumber": "10312507.P",
      "model": "10312507",
      "manufacturerModel": "2718332"
    },
    "images": {
      "thumbnail": "https://boots.scene7.com/is/image/Boots/10312507?wid=45&hei=60&op_sharpen=1"
    },
    "offers": [],
    "actions": {},
    "iconUri": "https://boots.scene7.com/is/image/Boots/10312507?op_sharpen=1",
    "title": "Eilish by Billie Eilish Eau de Parfum 100ml",
    "referenceUri": "/billie-eilish-eau-de-parfum-eilish-100ml-10312507",
    "canAddToBasket": "yes",
    "opticians": false,
    "inStock": true,
    "expressDelivery": false,
    "hasOtherPromotion": false,
    "channelPromotionalTextMap": {
      "-1": [],
      "-6": []
    },
    "adCardPoints": 147
  },
  {
    "_id": {
      "$oid": "65ec108d9884656b92f55948"
    },
    "ppuQuantity": "30ML",
    "pricing": {
      "perUnit": "£175.67 per 100ML",
      "regular": {
        "value": 62,
        "currency": "GBP",
        "text": "£62.00"
      },
      "current": {
        "value": 52.7,
        "currency": "GBP",
        "text": "£52.70"
      },
      "saving": {
        "value": 9.3,
        "currency": "GBP",
        "text": "£9.30"
      }
    },
    "objectId": "2701127",
    "brand": "Viktor & Rolf",
    "attributes": {
      "fragrance_scent": "floral",
      "StockOverrideMessage": "STOCK_COMING_SOON",
      "size": "21-30",
      "gender": "womens",
      "recipient": "gifts for women",
      "fragrance_type": "eau de parfum",
      "hasPriceAdvantageDeal": false,
      "Reporting_Category": "fragrance",
      "gift_type": [
        "vegan gifts",
        "fragrance gifts"
      ],
      "ProductReviewFlag": "1"
    },
    "variants": {
      "colours": [],
      "hasColours": false,
      "hasSizes": false
    },
    "categories": [
      [
        {
          "name": "vegan",
          "label": "vegan"
        },
        {
          "name": "fragrance",
          "label": "fragrance"
        },
        {
          "name": "gift",
          "label": "gift"
        },
        {
          "name": "wellness",
          "label": "wellness"
        }
      ],
      [
        {
          "name": "perfume",
          "label": "fragrance > perfume"
        },
        {
          "name": "recommended",
          "label": "fragrance > recommended"
        },
        {
          "name": "gifts for her",
          "label": "gift > gifts for her"
        },
        {
          "name": "vegan",
          "label": "wellness > vegan"
        },
        {
          "name": "luxury fragrance",
          "label": "fragrance > luxury fragrance"
        },
        {
          "name": "brands",
          "label": "fragrance > brands"
        },
        {
          "name": "5* rated perfumes & aftershaves",
          "label": "fragrance > 5* rated perfumes & aftershaves"
        },
        {
          "name": "vegan fragrance",
          "label": "fragrance > vegan fragrance"
        },
        {
          "name": "vegan fragrance",
          "label": "vegan > vegan fragrance"
        }
      ],
      [
        {
          "name": "all perfumes",
          "label": "fragrance > perfume > all perfumes"
        },
        {
          "name": "floral perfume",
          "label": "fragrance > perfume > floral perfume"
        },
        {
          "name": "trending fragrance",
          "label": "fragrance > recommended > trending fragrance"
        },
        {
          "name": "all perfumes",
          "label": "gift > gifts for her > all perfumes"
        },
        {
          "name": "vegan fragrance",
          "label": "wellness > vegan > vegan fragrance"
        }
      ]
    ],
    "reviews": {
      "average": 4.56,
      "count": 4813,
      "rounded": 4
    },
    "parent": {
      "product": "2701126",
      "partNumber": "10315127.P",
      "model": "10315127",
      "manufacturerModel": "3553086"
    },
    "images": {
      "thumbnail": "https://boots.scene7.com/is/image/Boots/10315127?wid=45&hei=60&op_sharpen=1"
    },
    "offers": [
      {
        "text": "Save up to 20 percent on selected fragrances"
      }
    ],
    "actions": {},
    "iconUri": "https://boots.scene7.com/is/image/Boots/10315127?op_sharpen=1",
    "title": "Viktor & Rolf Good Fortune Eau De Parfum 30ml",
    "referenceUri": "/viktorrolf-good-fortune-eau-de-parfum-30ml-10315127",
    "canAddToBasket": "yes",
    "opticians": false,
    "inStock": true,
    "expressDelivery": false,
    "hasOtherPromotion": true,
    "channelPromotionalTextMap": {
      "-1": [
        "Save up to 20 percent on selected fragrances"
      ],
      "-6": [
        "Save up to 20 percent on selected fragrances"
      ]
    },
    "adCardPoints": 156
  },
  {
    "_id": {
      "$oid": "65ec108d9884656b92f55949"
    },
    "ppuQuantity": "50ML",
    "pricing": {
      "perUnit": "£161.50 per 100ML",
      "regular": {
        "value": 95,
        "currency": "GBP",
        "text": "£95.00"
      },
      "current": {
        "value": 80.75,
        "currency": "GBP",
        "text": "£80.75"
      },
      "saving": {
        "value": 14.25,
        "currency": "GBP",
        "text": "£14.25"
      }
    },
    "objectId": "31500",
    "brand": "Giorgio Armani",
    "attributes": {
      "fragrance_scent": [
        "jasmine",
        "floral",
        "vanilla",
        "amber"
      ],
      "size": "41-50",
      "StockOverrideMessage": "STOCK_COMING_SOON",
      "gender": "womens",
      "Size": [
        "50 ml",
        "50ml"
      ],
      "parentCategory_UK": "33071",
      "fragrance_type": "eau de parfum",
      "hasPriceAdvantageDeal": false,
      "Reporting_Category": "fragrance",
      "ProductReviewFlag": "1"
    },
    "variants": {
      "colours": [],
      "hasColours": false,
      "hasSizes": false
    },
    "categories": [
      [
        {
          "name": "fragrance",
          "label": "fragrance"
        },
        {
          "name": "gift",
          "label": "gift"
        }
      ],
      [
        {
          "name": "perfume",
          "label": "fragrance > perfume"
        },
        {
          "name": "fragrance offers",
          "label": "fragrance > fragrance offers"
        },
        {
          "name": "gifts for her",
          "label": "gift > gifts for her"
        }
      ],
      [
        {
          "name": "all perfumes",
          "label": "fragrance > perfume > all perfumes"
        },
        {
          "name": "vanilla perfume",
          "label": "fragrance > perfume > vanilla perfume"
        },
        {
          "name": "floral perfume",
          "label": "fragrance > perfume > floral perfume"
        },
        {
          "name": "amber perfume",
          "label": "fragrance > perfume > amber perfume"
        },
        {
          "name": "Save 15% on 100s of fragrances",
          "label": "fragrance > fragrance offers > Save 15% on 100s of fragrances"
        },
        {
          "name": "all perfumes",
          "label": "gift > gifts for her > all perfumes"
        }
      ]
    ],
    "reviews": {
      "average": 4.54,
      "count": 457,
      "rounded": 4
    },
    "parent": {
      "product": "31499",
      "partNumber": "10058930.P",
      "model": "10058930",
      "manufacturerModel": "5060680"
    },
    "images": {
      "thumbnail": "https://boots.scene7.com/is/image/Boots/10058930?wid=45&hei=60&op_sharpen=1"
    },
    "offers": [
      {
        "text": "Save up to 20 percent on selected fragrances"
      }
    ],
    "actions": {},
    "iconUri": "https://boots.scene7.com/is/image/Boots/10058930?op_sharpen=1",
    "title": "Giorgio Armani Code for Women Eau de Parfum 50ml",
    "referenceUri": "/giorgio-armani-code-for-women-eau-de-parfum-50ml-10058930",
    "canAddToBasket": "yes",
    "opticians": false,
    "inStock": true,
    "expressDelivery": false,
    "hasOtherPromotion": true,
    "channelPromotionalTextMap": {
      "-1": [
        "Save up to 20 percent on selected fragrances"
      ],
      "-6": [
        "Save up to 20 percent on selected fragrances"
      ]
    },
    "adCardPoints": 240
  },
  {
    "_id": {
      "$oid": "65ec108d9884656b92f5594a"
    },
    "ppuQuantity": "50ML",
    "pricing": {
      "perUnit": "£94.40 per 100ML",
      "regular": {
        "value": 59,
        "currency": "GBP",
        "text": "£59.00"
      },
      "current": {
        "value": 47.2,
        "currency": "GBP",
        "text": "£47.20"
      },
      "saving": {
        "value": 11.8,
        "currency": "GBP",
        "text": "£11.80"
      }
    },
    "objectId": "14884",
    "brand": "Calvin Klein",
    "attributes": {
      "fragrance_scent": [
        "floral",
        "musk",
        "fruity"
      ],
      "product_type": "gift set",
      "gender": "womens",
      "StockOverrideMessage": "STOCK_COMING_SOON",
      "size": "41-50",
      "Size": [
        "50ml",
        "50 ml"
      ],
      "parentCategory_UK": "33071",
      "fragrance_type": "eau de parfum",
      "hasPriceAdvantageDeal": false,
      "Reporting_Category": "fragrance",
      "gift_type": "fragrance gift sets",
      "ProductReviewFlag": "1"
    },
    "variants": {
      "colours": [],
      "hasColours": false,
      "hasSizes": false
    },
    "categories": [
      [
        {
          "name": "fragrance",
          "label": "fragrance"
        },
        {
          "name": "gift",
          "label": "gift"
        }
      ],
      [
        {
          "name": "5* rated perfumes & aftershaves",
          "label": "fragrance > 5* rated perfumes & aftershaves"
        },
        {
          "name": "perfume",
          "label": "fragrance > perfume"
        },
        {
          "name": "fragrance offers",
          "label": "fragrance > fragrance offers"
        },
        {
          "name": "gifts for her",
          "label": "gift > gifts for her"
        }
      ],
      [
        {
          "name": "all perfumes",
          "label": "fragrance > perfume > all perfumes"
        },
        {
          "name": "musky perfume",
          "label": "fragrance > perfume > musky perfume"
        },
        {
          "name": "floral perfume",
          "label": "fragrance > perfume > floral perfume"
        },
        {
          "name": "save up to 60 percent",
          "label": "fragrance > fragrance offers > save up to 60 percent"
        },
        {
          "name": "save up to 20% on fragrance",
          "label": "fragrance > fragrance offers > save up to 20% on fragrance"
        },
        {
          "name": "black friday fragrance offers",
          "label": "fragrance > fragrance offers > black friday fragrance offers"
        },
        {
          "name": "all perfumes",
          "label": "gift > gifts for her > all perfumes"
        }
      ]
    ],
    "reviews": {
      "average": 4.54,
      "count": 46,
      "rounded": 4
    },
    "parent": {
      "product": "14883",
      "partNumber": "10040350.P",
      "model": "10040350",
      "manufacturerModel": "4824636"
    },
    "images": {
      "thumbnail": "https://boots.scene7.com/is/image/Boots/10040350?wid=45&hei=60&op_sharpen=1"
    },
    "offers": [
      {
        "text": "Save up to 20 percent on selected fragrances"
      }
    ],
    "actions": {},
    "iconUri": "https://boots.scene7.com/is/image/Boots/10040350?op_sharpen=1",
    "title": "Calvin Klein Eternity Moment for Women Eau de Parfum 50ml",
    "referenceUri": "/calvin-klein-eternity-moment-eau-de-parfum-50ml-10040350",
    "canAddToBasket": "yes",
    "opticians": false,
    "inStock": true,
    "expressDelivery": false,
    "hasOtherPromotion": true,
    "channelPromotionalTextMap": {
      "-1": [
        "Save up to 20 percent on selected fragrances"
      ],
      "-6": [
        "Save up to 20 percent on selected fragrances"
      ]
    },
    "adCardPoints": 141
  },
  {
    "_id": {
      "$oid": "65ec108d9884656b92f5594b"
    },
    "ppuQuantity": "30ML",
    "pricing": {
      "perUnit": "£196.67 per 100ML",
      "regular": {
        "value": 59,
        "currency": "GBP",
        "text": "£59.00"
      },
      "current": {
        "value": 59,
        "currency": "GBP",
        "text": "£59.00"
      }
    },
    "objectId": "2824607",
    "brand": "Narciso Rodriguez",
    "attributes": {
      "fragrance_scent": "musk",
      "StockOverrideMessage": "STOCK_COMING_SOON",
      "size": "21-30",
      "gender": "womens",
      "fragrance_type": "eau de parfum",
      "hasPriceAdvantageDeal": false,
      "ProductReviewFlag": "1"
    },
    "variants": {
      "colours": [],
      "hasColours": false,
      "hasSizes": false
    },
    "categories": [
      [
        {
          "name": "fragrance",
          "label": "fragrance"
        },
        {
          "name": "gift",
          "label": "gift"
        }
      ],
      [
        {
          "name": "5* rated perfumes & aftershaves",
          "label": "fragrance > 5* rated perfumes & aftershaves"
        },
        {
          "name": "perfume",
          "label": "fragrance > perfume"
        },
        {
          "name": "gifts for her",
          "label": "gift > gifts for her"
        },
        {
          "name": "luxury fragrance",
          "label": "fragrance > luxury fragrance"
        },
        {
          "name": "brands",
          "label": "fragrance > brands"
        }
      ],
      [
        {
          "name": "all perfumes",
          "label": "fragrance > perfume > all perfumes"
        },
        {
          "name": "musky perfume",
          "label": "fragrance > perfume > musky perfume"
        },
        {
          "name": "floral perfume",
          "label": "fragrance > perfume > floral perfume"
        },
        {
          "name": "all perfumes",
          "label": "gift > gifts for her > all perfumes"
        }
      ]
    ],
    "reviews": {
      "average": 4.53,
      "count": 619,
      "rounded": 4
    },
    "parent": {
      "product": "2824606",
      "partNumber": "10327105.P",
      "model": "10327105",
      "manufacturerModel": "5463912"
    },
    "images": {
      "thumbnail": "https://boots.scene7.com/is/image/Boots/10327105?wid=45&hei=60&op_sharpen=1"
    },
    "offers": [],
    "actions": {},
    "iconUri": "https://boots.scene7.com/is/image/Boots/10327105?op_sharpen=1",
    "title": "Narciso Rodriguez for her Forever Eau de Parfum 30ml",
    "referenceUri": "/narciso-rodriguez-for-her-forever-eau-de-parfum-30ml-10327105",
    "canAddToBasket": "yes",
    "opticians": false,
    "inStock": true,
    "expressDelivery": false,
    "hasOtherPromotion": false,
    "channelPromotionalTextMap": {
      "-1": [],
      "-6": []
    },
    "adCardPoints": 177
  },
  {
    "_id": {
      "$oid": "65ec108d9884656b92f5594c"
    },
    "ppuQuantity": "50ML",
    "pricing": {
      "perUnit": "£174.00 per 100ML",
      "regular": {
        "value": 87,
        "currency": "GBP",
        "text": "£87.00"
      },
      "current": {
        "value": 87,
        "currency": "GBP",
        "text": "£87.00"
      }
    },
    "objectId": "2824605",
    "brand": "Narciso Rodriguez",
    "attributes": {
      "fragrance_scent": "musk",
      "size": "41-50",
      "StockOverrideMessage": "STOCK_COMING_SOON",
      "gender": "womens",
      "fragrance_type": "eau de parfum",
      "hasPriceAdvantageDeal": false,
      "ProductReviewFlag": "1"
    },
    "variants": {
      "colours": [],
      "hasColours": false,
      "hasSizes": false
    },
    "categories": [
      [
        {
          "name": "fragrance",
          "label": "fragrance"
        },
        {
          "name": "gift",
          "label": "gift"
        }
      ],
      [
        {
          "name": "5* rated perfumes & aftershaves",
          "label": "fragrance > 5* rated perfumes & aftershaves"
        },
        {
          "name": "perfume",
          "label": "fragrance > perfume"
        },
        {
          "name": "gifts for her",
          "label": "gift > gifts for her"
        },
        {
          "name": "luxury fragrance",
          "label": "fragrance > luxury fragrance"
        },
        {
          "name": "brands",
          "label": "fragrance > brands"
        }
      ],
      [
        {
          "name": "all perfumes",
          "label": "fragrance > perfume > all perfumes"
        },
        {
          "name": "musky perfume",
          "label": "fragrance > perfume > musky perfume"
        },
        {
          "name": "floral perfume",
          "label": "fragrance > perfume > floral perfume"
        },
        {
          "name": "all perfumes",
          "label": "gift > gifts for her > all perfumes"
        }
      ]
    ],
    "reviews": {
      "average": 4.53,
      "count": 618,
      "rounded": 4
    },
    "parent": {
      "product": "2824604",
      "partNumber": "10327104.P",
      "model": "10327104",
      "manufacturerModel": "5463904"
    },
    "images": {
      "thumbnail": "https://boots.scene7.com/is/image/Boots/10327104?wid=45&hei=60&op_sharpen=1"
    },
    "offers": [
      {
        "text": "Free Narciso Rodriguez mirror and case when you buy selected fragrance - online only, whilst stocks last"
      }
    ],
    "actions": {},
    "iconUri": "https://boots.scene7.com/is/image/Boots/10327104?op_sharpen=1",
    "title": "Narciso Rodriguez for her Forever Eau de Parfum 50ml",
    "referenceUri": "/narciso-rodriguez-for-her-forever-eau-de-parfum-50ml-10327104",
    "canAddToBasket": "yes",
    "opticians": false,
    "inStock": true,
    "expressDelivery": false,
    "hasOtherPromotion": true,
    "channelPromotionalTextMap": {
      "-1": [
        "Free Narciso Rodriguez mirror and case when you buy selected fragrance - online only, whilst stocks last"
      ],
      "-6": [
        "Free Narciso Rodriguez mirror and case when you buy selected fragrance - online only, whilst stocks last"
      ]
    },
    "adCardPoints": 261
  },
  {
    "_id": {
      "$oid": "65ec108d9884656b92f5594d"
    },
    "ppuQuantity": "90ML",
    "pricing": {
      "perUnit": "£113.33 per 100ML",
      "regular": {
        "value": 102,
        "currency": "GBP",
        "text": "£102.00"
      },
      "current": {
        "value": 102,
        "currency": "GBP",
        "text": "£102.00"
      }
    },
    "objectId": "2690138",
    "brand": "Narciso Rodriguez",
    "attributes": {
      "fragrance_scent": [
        "jasmine",
        "musk",
        "floral"
      ],
      "suitable_for": "vegan",
      "size": "71-100",
      "gender": "womens",
      "StockOverrideMessage": "STOCK_COMING_SOON",
      "fragrance_type": "eau de parfum",
      "hasPriceAdvantageDeal": false,
      "ProductReviewFlag": "1"
    },
    "variants": {
      "colours": [],
      "hasColours": false,
      "hasSizes": false
    },
    "categories": [
      [
        {
          "name": "vegan",
          "label": "vegan"
        },
        {
          "name": "fragrance",
          "label": "fragrance"
        },
        {
          "name": "gift",
          "label": "gift"
        },
        {
          "name": "wellness",
          "label": "wellness"
        },
        {
          "name": "beauty & skincare",
          "label": "beauty & skincare"
        }
      ],
      [
        {
          "name": "vegan fragrance",
          "label": "vegan > vegan fragrance"
        },
        {
          "name": "perfume",
          "label": "fragrance > perfume"
        },
        {
          "name": "gifts for her",
          "label": "gift > gifts for her"
        },
        {
          "name": "sustainability at Boots",
          "label": "wellness > sustainability at Boots"
        },
        {
          "name": "vegan",
          "label": "wellness > vegan"
        },
        {
          "name": "vegan beauty",
          "label": "beauty & skincare > vegan beauty"
        },
        {
          "name": "5* rated perfumes & aftershaves",
          "label": "fragrance > 5* rated perfumes & aftershaves"
        },
        {
          "name": "vegan fragrance",
          "label": "fragrance > vegan fragrance"
        },
        {
          "name": "all vegan products",
          "label": "wellness > all vegan products"
        },
        {
          "name": "vegan beauty",
          "label": "vegan > vegan beauty"
        },
        {
          "name": "all vegan products",
          "label": "vegan > all vegan products"
        }
      ],
      [
        {
          "name": "all perfumes",
          "label": "fragrance > perfume > all perfumes"
        },
        {
          "name": "floral perfume",
          "label": "fragrance > perfume > floral perfume"
        },
        {
          "name": "all perfumes",
          "label": "gift > gifts for her > all perfumes"
        },
        {
          "name": "vegan",
          "label": "wellness > sustainability at Boots > vegan"
        },
        {
          "name": "vegan beauty",
          "label": "wellness > vegan > vegan beauty"
        },
        {
          "name": "all vegan products",
          "label": "wellness > vegan > all vegan products"
        },
        {
          "name": "vegan fragrance",
          "label": "wellness > vegan > vegan fragrance"
        }
      ]
    ],
    "reviews": {
      "average": 4.52,
      "count": 987,
      "rounded": 4
    },
    "parent": {
      "product": "2690137",
      "partNumber": "10313736.P",
      "model": "10313736",
      "manufacturerModel": "3195082"
    },
    "images": {
      "thumbnail": "https://boots.scene7.com/is/image/Boots/10313736?wid=45&hei=60&op_sharpen=1"
    },
    "offers": [
      {
        "text": "Free Narciso Rodriguez mirror and case when you buy selected fragrance - online only, whilst stocks last"
      }
    ],
    "actions": {},
    "iconUri": "https://boots.scene7.com/is/image/Boots/10313736?op_sharpen=1",
    "title": "Narciso Rodriguez NARCISO Cristal Eau de Parfum 90ml",
    "referenceUri": "/narciso-rodriguez-narciso-cristal-eau-de-parfum-90ml--10313736",
    "canAddToBasket": "yes",
    "opticians": false,
    "inStock": true,
    "expressDelivery": false,
    "hasOtherPromotion": true,
    "channelPromotionalTextMap": {
      "-1": [
        "Free Narciso Rodriguez mirror and case when you buy selected fragrance - online only, whilst stocks last"
      ],
      "-6": [
        "Free Narciso Rodriguez mirror and case when you buy selected fragrance - online only, whilst stocks last"
      ]
    },
    "adCardPoints": 306
  },
  {
    "_id": {
      "$oid": "65ec108d9884656b92f5594e"
    },
    "ppuQuantity": "100ML",
    "pricing": {
      "perUnit": "£83.30 per 100ML",
      "regular": {
        "value": 98,
        "currency": "GBP",
        "text": "£98.00"
      },
      "current": {
        "value": 83.3,
        "currency": "GBP",
        "text": "£83.30"
      },
      "saving": {
        "value": 14.7,
        "currency": "GBP",
        "text": "£14.70"
      }
    },
    "objectId": "1661620",
    "brand": "Clinique",
    "attributes": {
      "fragrance_scent": [
        "aromatic",
        "woody",
        "floral"
      ],
      "size": "71-100",
      "StockOverrideMessage": "STOCK_COMING_SOON",
      "parentCategory_UK": "33029",
      "format": [
        "spray",
        "liquid"
      ],
      "fragrance_type": [
        "eau de parfum",
        "eau de toilette"
      ],
      "hasPriceAdvantageDeal": false,
      "body_area": "body",
      "ProductReviewFlag": "1"
    },
    "variants": {
      "colours": [],
      "hasColours": false,
      "hasSizes": false
    },
    "categories": [
      [
        {
          "name": "fragrance",
          "label": "fragrance"
        },
        {
          "name": "beauty & skincare",
          "label": "beauty & skincare"
        },
        {
          "name": "gift",
          "label": "gift"
        }
      ],
      [
        {
          "name": "perfume",
          "label": "fragrance > perfume"
        },
        {
          "name": "premium beauty & skincare",
          "label": "beauty & skincare > premium beauty & skincare"
        },
        {
          "name": "gifts for her",
          "label": "gift > gifts for her"
        }
      ],
      [
        {
          "name": "save up to 25% across selected premium beauty and No7",
          "label": "beauty & skincare > premium beauty & skincare > save up to 25% across selected premium beauty and No7"
        },
        {
          "name": "all perfumes",
          "label": "fragrance > perfume > all perfumes"
        },
        {
          "name": "floral perfume",
          "label": "fragrance > perfume > floral perfume"
        },
        {
          "name": "all perfumes",
          "label": "gift > gifts for her > all perfumes"
        }
      ]
    ],
    "reviews": {
      "average": 4.52,
      "count": 31,
      "rounded": 4
    },
    "parent": {
      "product": "1661619",
      "partNumber": "10192139.P",
      "model": "10192139",
      "manufacturerModel": "6256112"
    },
    "images": {
      "thumbnail": "https://boots.scene7.com/is/image/Boots/10192139?wid=45&hei=60&op_sharpen=1"
    },
    "offers": [
      {
        "text": "Free gift when you spend £65 or more on selected Clinique - online only while stocks last"
      },
      {
        "text": "Save up to 25 percent across selected Premium Beauty"
      }
    ],
    "actions": {},
    "iconUri": "https://boots.scene7.com/is/image/Boots/10192139?op_sharpen=1",
    "title": "Clinique Aromatics In White EDP 100ml",
    "referenceUri": "/clinique-aromatics-in-white-edp-100ml-10192139",
    "canAddToBasket": "yes",
    "opticians": false,
    "inStock": true,
    "expressDelivery": false,
    "hasOtherPromotion": true,
    "channelPromotionalTextMap": {
      "-1": [
        "Free gift when you spend £65 or more on selected Clinique - online only while stocks last",
        "Save up to 25 percent across selected Premium Beauty"
      ],
      "-6": [
        "Free gift when you spend £65 or more on selected Clinique - online only while stocks last",
        "Save up to 25 percent across selected Premium Beauty"
      ]
    },
    "adCardPoints": 249
  },
  {
    "_id": {
      "$oid": "65ec108d9884656b92f5594f"
    },
    "ppuQuantity": "50ML",
    "pricing": {
      "perUnit": "£187.00 per 100ML",
      "regular": {
        "value": 110,
        "currency": "GBP",
        "text": "£110.00"
      },
      "current": {
        "value": 93.5,
        "currency": "GBP",
        "text": "£93.50"
      },
      "saving": {
        "value": 16.5,
        "currency": "GBP",
        "text": "£16.50"
      }
    },
    "objectId": "2788218",
    "brand": "Giorgio Armani",
    "attributes": {
      "fragrance_scent": [
        "floral",
        "woody"
      ],
      "StockOverrideMessage": "STOCK_COMING_SOON",
      "size": "41-50",
      "gender": "womens",
      "fragrance_type": "eau de parfum",
      "hasPriceAdvantageDeal": false,
      "ProductReviewFlag": "1"
    },
    "variants": {
      "colours": [],
      "hasColours": false,
      "hasSizes": false
    },
    "categories": [
      [
        {
          "name": "new in",
          "label": "new in"
        },
        {
          "name": "fragrance",
          "label": "fragrance"
        },
        {
          "name": "gift",
          "label": "gift"
        }
      ],
      [
        {
          "name": "new in fragrance",
          "label": "new in > new in fragrance"
        },
        {
          "name": "perfume",
          "label": "fragrance > perfume"
        },
        {
          "name": "gifts for her",
          "label": "gift > gifts for her"
        },
        {
          "name": "luxury fragrance",
          "label": "fragrance > luxury fragrance"
        },
        {
          "name": "new in fragrance",
          "label": "fragrance > new in fragrance"
        },
        {
          "name": "brands",
          "label": "fragrance > brands"
        }
      ],
      [
        {
          "name": "all perfumes",
          "label": "fragrance > perfume > all perfumes"
        },
        {
          "name": "floral perfume",
          "label": "fragrance > perfume > floral perfume"
        },
        {
          "name": "perfume refill bottles",
          "label": "fragrance > perfume > perfume refill bottles"
        },
        {
          "name": "all perfumes",
          "label": "gift > gifts for her > all perfumes"
        }
      ]
    ],
    "reviews": {
      "average": 4.47,
      "count": 1062,
      "rounded": 4
    },
    "parent": {
      "product": "2788217",
      "partNumber": "10323562.P",
      "model": "10323562",
      "manufacturerModel": "5283582"
    },
    "images": {
      "thumbnail": "https://boots.scene7.com/is/image/Boots/10323562?wid=45&hei=60&op_sharpen=1"
    },
    "offers": [
      {
        "text": "Save up to 20 percent on selected fragrances"
      }
    ],
    "actions": {},
    "iconUri": "https://boots.scene7.com/is/image/Boots/10323562?op_sharpen=1",
    "title": "Giorgio Armani My Way Parfum Refillable 50ml",
    "referenceUri": "/giorgio-armani-my-way-parfum-refillable-50ml-10323562",
    "canAddToBasket": "yes",
    "opticians": false,
    "inStock": true,
    "expressDelivery": false,
    "hasOtherPromotion": true,
    "channelPromotionalTextMap": {
      "-1": [
        "Save up to 20 percent on selected fragrances"
      ],
      "-6": [
        "Save up to 20 percent on selected fragrances"
      ]
    },
    "adCardPoints": 279
  },
  {
    "_id": {
      "$oid": "65ec108d9884656b92f55950"
    },
    "ppuQuantity": "30ML",
    "pricing": {
      "perUnit": "£218.17 per 100ML",
      "regular": {
        "value": 77,
        "currency": "GBP",
        "text": "£77.00"
      },
      "current": {
        "value": 65.45,
        "currency": "GBP",
        "text": "£65.45"
      },
      "saving": {
        "value": 11.55,
        "currency": "GBP",
        "text": "£11.55"
      }
    },
    "objectId": "2788216",
    "brand": "Giorgio Armani",
    "attributes": {
      "fragrance_scent": [
        "floral",
        "woody"
      ],
      "StockOverrideMessage": "STOCK_COMING_SOON",
      "size": "21-30",
      "gender": "womens",
      "fragrance_type": "eau de parfum",
      "hasPriceAdvantageDeal": false,
      "ProductReviewFlag": "1"
    },
    "variants": {
      "colours": [],
      "hasColours": false,
      "hasSizes": false
    },
    "categories": [
      [
        {
          "name": "new in",
          "label": "new in"
        },
        {
          "name": "fragrance",
          "label": "fragrance"
        },
        {
          "name": "gift",
          "label": "gift"
        }
      ],
      [
        {
          "name": "new in fragrance",
          "label": "new in > new in fragrance"
        },
        {
          "name": "perfume",
          "label": "fragrance > perfume"
        },
        {
          "name": "gifts for her",
          "label": "gift > gifts for her"
        },
        {
          "name": "luxury fragrance",
          "label": "fragrance > luxury fragrance"
        },
        {
          "name": "new in fragrance",
          "label": "fragrance > new in fragrance"
        },
        {
          "name": "brands",
          "label": "fragrance > brands"
        }
      ],
      [
        {
          "name": "all perfumes",
          "label": "fragrance > perfume > all perfumes"
        },
        {
          "name": "floral perfume",
          "label": "fragrance > perfume > floral perfume"
        },
        {
          "name": "perfume refill bottles",
          "label": "fragrance > perfume > perfume refill bottles"
        },
        {
          "name": "all perfumes",
          "label": "gift > gifts for her > all perfumes"
        }
      ]
    ],
    "reviews": {
      "average": 4.47,
      "count": 1060,
      "rounded": 4
    },
    "parent": {
      "product": "2788215",
      "partNumber": "10323561.P",
      "model": "10323561",
      "manufacturerModel": "5283574"
    },
    "images": {
      "thumbnail": "https://boots.scene7.com/is/image/Boots/10323561?wid=45&hei=60&op_sharpen=1"
    },
    "offers": [
      {
        "text": "Save up to 20 percent on selected fragrances"
      }
    ],
    "actions": {},
    "iconUri": "https://boots.scene7.com/is/image/Boots/10323561?op_sharpen=1",
    "title": "Giorgio Armani My Way Parfum Refillable 30ml",
    "referenceUri": "/giorgio-armani-my-way-parfum-refillable-30ml-10323561",
    "canAddToBasket": "yes",
    "opticians": false,
    "inStock": true,
    "expressDelivery": false,
    "hasOtherPromotion": true,
    "channelPromotionalTextMap": {
      "-1": [
        "Save up to 20 percent on selected fragrances"
      ],
      "-6": [
        "Save up to 20 percent on selected fragrances"
      ]
    },
    "adCardPoints": 195
  },
  {
    "_id": {
      "$oid": "65ec108d9884656b92f55951"
    },
    "ppuQuantity": "30ML",
    "pricing": {
      "perUnit": "£156.67 per 100ML",
      "regular": {
        "value": 47,
        "currency": "GBP",
        "text": "£47.00"
      },
      "current": {
        "value": 47,
        "currency": "GBP",
        "text": "£47.00"
      }
    },
    "objectId": "2514423",
    "brand": "Kenzo",
    "attributes": {
      "fragrance_scent": "floral",
      "gender": "womens",
      "size": "21-30",
      "StockOverrideMessage": "STOCK_COMING_SOON",
      "format": "spray",
      "fragrance_type": "eau de toilette",
      "hasPriceAdvantageDeal": false,
      "Reporting_Category": "fragrance",
      "ProductReviewFlag": "1"
    },
    "variants": {
      "colours": [],
      "hasColours": false,
      "hasSizes": false
    },
    "categories": [
      [
        {
          "name": "fragrance",
          "label": "fragrance"
        },
        {
          "name": "gift",
          "label": "gift"
        }
      ],
      [
        {
          "name": "5* rated perfumes & aftershaves",
          "label": "fragrance > 5* rated perfumes & aftershaves"
        },
        {
          "name": "perfume",
          "label": "fragrance > perfume"
        },
        {
          "name": "gifts for her",
          "label": "gift > gifts for her"
        }
      ],
      [
        {
          "name": "all perfumes",
          "label": "fragrance > perfume > all perfumes"
        },
        {
          "name": "floral perfume",
          "label": "fragrance > perfume > floral perfume"
        },
        {
          "name": "all perfumes",
          "label": "gift > gifts for her > all perfumes"
        }
      ]
    ],
    "reviews": {
      "average": 4.47,
      "count": 99,
      "rounded": 4
    },
    "parent": {
      "product": "2514422",
      "partNumber": "10293040.P",
      "model": "10293040",
      "manufacturerModel": "3048020"
    },
    "images": {
      "thumbnail": "https://boots.scene7.com/is/image/Boots/10293040?wid=45&hei=60&op_sharpen=1"
    },
    "offers": [],
    "actions": {},
    "iconUri": "https://boots.scene7.com/is/image/Boots/10293040?op_sharpen=1",
    "title": "Flower By Kenzo Eau De Toilette 30ml",
    "referenceUri": "/flower-by-kenzo-eau-de-toilette-30ml-10293040",
    "canAddToBasket": "yes",
    "opticians": false,
    "inStock": true,
    "expressDelivery": false,
    "hasOtherPromotion": false,
    "channelPromotionalTextMap": {
      "-1": [],
      "-6": []
    },
    "adCardPoints": 141
  },
  {
    "_id": {
      "$oid": "65ec108d9884656b92f55952"
    },
    "ppuQuantity": "75ML",
    "pricing": {
      "perUnit": "£105.60 per 100ML",
      "regular": {
        "value": 99,
        "currency": "GBP",
        "text": "£99.00"
      },
      "current": {
        "value": 79.2,
        "currency": "GBP",
        "text": "£79.20"
      },
      "saving": {
        "value": 19.8,
        "currency": "GBP",
        "text": "£19.80"
      }
    },
    "objectId": "2431529",
    "brand": "Tiffany",
    "attributes": {
      "fragrance_scent": "floral",
      "gender": "womens",
      "size": "71-100",
      "StockOverrideMessage": "STOCK_COMING_SOON",
      "fragrance_type": "eau de toilette",
      "format": "spray",
      "hasPriceAdvantageDeal": false,
      "Reporting_Category": "fragrance",
      "ProductReviewFlag": "1"
    },
    "variants": {
      "colours": [],
      "hasColours": false,
      "hasSizes": false
    },
    "categories": [
      [
        {
          "name": "fragrance",
          "label": "fragrance"
        },
        {
          "name": "gift",
          "label": "gift"
        }
      ],
      [
        {
          "name": "fragrance offers",
          "label": "fragrance > fragrance offers"
        },
        {
          "name": "perfume",
          "label": "fragrance > perfume"
        },
        {
          "name": "gifts for her",
          "label": "gift > gifts for her"
        }
      ],
      [
        {
          "name": "all perfumes",
          "label": "fragrance > perfume > all perfumes"
        },
        {
          "name": "floral perfume",
          "label": "fragrance > perfume > floral perfume"
        },
        {
          "name": "all perfumes",
          "label": "gift > gifts for her > all perfumes"
        }
      ]
    ],
    "reviews": {
      "average": 4.46,
      "count": 393,
      "rounded": 4
    },
    "parent": {
      "product": "2431528",
      "partNumber": "10285630.P",
      "model": "10285630",
      "manufacturerModel": "8961670"
    },
    "images": {
      "thumbnail": "https://boots.scene7.com/is/image/Boots/10285630?wid=45&hei=60&op_sharpen=1"
    },
    "offers": [
      {
        "text": "Save up to 20 percent on selected fragrances"
      }
    ],
    "actions": {},
    "iconUri": "https://boots.scene7.com/is/image/Boots/10285630?op_sharpen=1",
    "title": "TIFFANY & CO. Tiffany Sheer Eau de Toilette for Her 75ml",
    "referenceUri": "/tiffany-co-tiffany-sheer-eau-de-toilette-75ml-10285630",
    "canAddToBasket": "yes",
    "opticians": false,
    "inStock": true,
    "expressDelivery": false,
    "hasOtherPromotion": true,
    "channelPromotionalTextMap": {
      "-1": [
        "Save up to 20 percent on selected fragrances"
      ],
      "-6": [
        "Save up to 20 percent on selected fragrances"
      ]
    },
    "adCardPoints": 237
  },
  {
    "_id": {
      "$oid": "65ec108d9884656b92f55953"
    },
    "ppuQuantity": "100ML",
    "pricing": {
      "perUnit": "£106.25 per 100ML",
      "regular": {
        "value": 125,
        "currency": "GBP",
        "text": "£125.00"
      },
      "current": {
        "value": 106.25,
        "currency": "GBP",
        "text": "£106.25"
      },
      "saving": {
        "value": 18.75,
        "currency": "GBP",
        "text": "£18.75"
      }
    },
    "objectId": "2870215",
    "brand": "Prada",
    "attributes": {
      "fragrance_scent": [
        "amber",
        "vanilla"
      ],
      "product_type": [
        "perfume",
        "body spray"
      ],
      "gender": [
        "unisex",
        "womens"
      ],
      "StockOverrideMessage": "STOCK_COMING_SOON",
      "size": "71-100",
      "fragrance_type": "eau de parfum",
      "format": "spray",
      "hasPriceAdvantageDeal": false,
      "ProductReviewFlag": "1"
    },
    "variants": {
      "colours": [],
      "hasColours": false,
      "hasSizes": false
    },
    "categories": [
      [
        {
          "name": "fragrance",
          "label": "fragrance"
        },
        {
          "name": "gift",
          "label": "gift"
        },
        {
          "name": "new in",
          "label": "new in"
        }
      ],
      [
        {
          "name": "perfume",
          "label": "fragrance > perfume"
        },
        {
          "name": "gifts for her",
          "label": "gift > gifts for her"
        },
        {
          "name": "luxury fragrance",
          "label": "fragrance > luxury fragrance"
        },
        {
          "name": "new in fragrance",
          "label": "fragrance > new in fragrance"
        },
        {
          "name": "brands",
          "label": "fragrance > brands"
        },
        {
          "name": "new in fragrance",
          "label": "new in > new in fragrance"
        }
      ],
      [
        {
          "name": "all perfumes",
          "label": "fragrance > perfume > all perfumes"
        },
        {
          "name": "vanilla perfume",
          "label": "fragrance > perfume > vanilla perfume"
        },
        {
          "name": "amber perfume",
          "label": "fragrance > perfume > amber perfume"
        },
        {
          "name": "all perfumes",
          "label": "gift > gifts for her > all perfumes"
        }
      ]
    ],
    "reviews": {
      "average": 4.44,
      "count": 185,
      "rounded": 4
    },
    "parent": {
      "product": "2870214",
      "partNumber": "10333161.P",
      "model": "10333161",
      "manufacturerModel": "5763150"
    },
    "images": {
      "thumbnail": "https://boots.scene7.com/is/image/Boots/10333161?wid=45&hei=60&op_sharpen=1"
    },
    "offers": [
      {
        "text": "Save up to 20 percent on selected fragrances"
      }
    ],
    "actions": {},
    "iconUri": "https://boots.scene7.com/is/image/Boots/10333161?op_sharpen=1",
    "title": "Prada Infusion de Vanille Eau de Parfum 100ml",
    "referenceUri": "/prada-infusion-de-vanille-eau-de-parfum-100ml-10333161",
    "canAddToBasket": "yes",
    "opticians": false,
    "inStock": true,
    "expressDelivery": false,
    "hasOtherPromotion": true,
    "channelPromotionalTextMap": {
      "-1": [
        "Save up to 20 percent on selected fragrances"
      ],
      "-6": [
        "Save up to 20 percent on selected fragrances"
      ]
    },
    "adCardPoints": 318
  },
  {
    "_id": {
      "$oid": "65ec108d9884656b92f55954"
    },
    "ppuQuantity": "90ML",
    "pricing": {
      "perUnit": "£152.22 per 100ML",
      "regular": {
        "value": 137,
        "currency": "GBP",
        "text": "£137.00"
      },
      "current": {
        "value": 137,
        "currency": "GBP",
        "text": "£137.00"
      }
    },
    "objectId": "2172157",
    "brand": "Christian Dior",
    "attributes": {
      "fragrance_scent": [
        "jasmine",
        "fruity",
        "citrus"
      ],
      "gender": "womens",
      "StockOverrideMessage": "STOCK_COMING_SOON",
      "size": "71-100",
      "fragrance_type": "eau de parfum",
      "hasPriceAdvantageDeal": false,
      "Reporting_Category": "fragrance",
      "ProductReviewFlag": "1"
    },
    "variants": {
      "colours": [],
      "hasColours": false,
      "hasSizes": false
    },
    "categories": [
      [
        {
          "name": "fragrance",
          "label": "fragrance"
        },
        {
          "name": "gift",
          "label": "gift"
        }
      ],
      [
        {
          "name": "perfume",
          "label": "fragrance > perfume"
        },
        {
          "name": "fragrance offers",
          "label": "fragrance > fragrance offers"
        },
        {
          "name": "gifts for her",
          "label": "gift > gifts for her"
        }
      ],
      [
        {
          "name": "all perfumes",
          "label": "fragrance > perfume > all perfumes"
        },
        {
          "name": "save 15 pounds",
          "label": "fragrance > fragrance offers > save 15 pounds"
        },
        {
          "name": "Collect £10 worth of points when you spend £60",
          "label": "fragrance > fragrance offers > Collect £10 worth of points when you spend £60"
        },
        {
          "name": "save up to 20% on fragrance",
          "label": "fragrance > fragrance offers > save up to 20% on fragrance"
        },
        {
          "name": "Save 15% on 100s of fragrances",
          "label": "fragrance > fragrance offers > Save 15% on 100s of fragrances"
        },
        {
          "name": "all perfumes",
          "label": "gift > gifts for her > all perfumes"
        }
      ]
    ],
    "reviews": {
      "average": 4.44,
      "count": 290,
      "rounded": 4
    },
    "parent": {
      "product": "2172156",
      "partNumber": "10254747.P",
      "model": "10254747",
      "manufacturerModel": "8292078"
    },
    "images": {
      "thumbnail": "https://boots.scene7.com/is/image/Boots/10254747?wid=45&hei=60&op_sharpen=1"
    },
    "offers": [],
    "actions": {},
    "iconUri": "https://boots.scene7.com/is/image/Boots/10254747?op_sharpen=1",
    "title": "JOY BY DIOR Eau de Parfum 90ml",
    "referenceUri": "/joy-by-dior-eau-de-parfum-90ml-10254747",
    "canAddToBasket": "yes",
    "opticians": false,
    "inStock": true,
    "expressDelivery": false,
    "hasOtherPromotion": false,
    "channelPromotionalTextMap": {
      "-1": [],
      "-6": []
    },
    "adCardPoints": 411
  },
  {
    "_id": {
      "$oid": "65ec108d9884656b92f55955"
    },
    "ppuQuantity": "100ML",
    "pricing": {
      "perUnit": "£112.00 per 100ML",
      "regular": {
        "value": 140,
        "currency": "GBP",
        "text": "£140.00"
      },
      "current": {
        "value": 112,
        "currency": "GBP",
        "text": "£112.00"
      },
      "saving": {
        "value": 28,
        "currency": "GBP",
        "text": "£28.00"
      }
    },
    "objectId": "2575031",
    "brand": "Estee Lauder",
    "attributes": {
      "fragrance_scent": "citrus",
      "size": "71-100",
      "gender": "womens",
      "StockOverrideMessage": "STOCK_COMING_SOON",
      "format": "spray",
      "fragrance_type": "eau de parfum",
      "hasPriceAdvantageDeal": false,
      "Reporting_Category": "fragrance",
      "ProductReviewFlag": "1"
    },
    "variants": {
      "colours": [],
      "hasColours": false,
      "hasSizes": false
    },
    "categories": [
      [
        {
          "name": "fragrance",
          "label": "fragrance"
        },
        {
          "name": "beauty & skincare",
          "label": "beauty & skincare"
        },
        {
          "name": "gift",
          "label": "gift"
        }
      ],
      [
        {
          "name": "perfume",
          "label": "fragrance > perfume"
        },
        {
          "name": "premium beauty & skincare",
          "label": "beauty & skincare > premium beauty & skincare"
        },
        {
          "name": "gifts for her",
          "label": "gift > gifts for her"
        }
      ],
      [
        {
          "name": "save up to 25% across selected premium beauty and No7",
          "label": "beauty & skincare > premium beauty & skincare > save up to 25% across selected premium beauty and No7"
        },
        {
          "name": "all perfumes",
          "label": "fragrance > perfume > all perfumes"
        },
        {
          "name": "all perfumes",
          "label": "gift > gifts for her > all perfumes"
        }
      ]
    ],
    "reviews": {
      "average": 4.42,
      "count": 641,
      "rounded": 4
    },
    "parent": {
      "product": "2575030",
      "partNumber": "10299518.P",
      "model": "10299518",
      "manufacturerModel": "4909046"
    },
    "images": {
      "thumbnail": "https://boots.scene7.com/is/image/Boots/10299518?wid=45&hei=60&op_sharpen=1"
    },
    "offers": [
      {
        "text": "Save up to 25 percent across selected Premium Beauty"
      }
    ],
    "actions": {},
    "iconUri": "https://boots.scene7.com/is/image/Boots/10299518?op_sharpen=1",
    "title": "Estée Lauder Tender Light Eau de Parfum Spray 100ml",
    "referenceUri": "/estee-lauder-tender-light-eau-de-parfum-spray-100ml-10299518",
    "canAddToBasket": "yes",
    "opticians": false,
    "inStock": true,
    "expressDelivery": false,
    "hasOtherPromotion": true,
    "channelPromotionalTextMap": {
      "-1": [
        "Save up to 25 percent across selected Premium Beauty"
      ],
      "-6": [
        "Save up to 25 percent across selected Premium Beauty"
      ]
    },
    "adCardPoints": 336
  },
  {
    "_id": {
      "$oid": "65ec108d9884656b92f55956"
    },
    "ppuQuantity": "30ML",
    "pricing": {
      "perUnit": "£172.83 per 100ML",
      "regular": {
        "value": 61,
        "currency": "GBP",
        "text": "£61.00"
      },
      "current": {
        "value": 51.85,
        "currency": "GBP",
        "text": "£51.85"
      },
      "saving": {
        "value": 9.15,
        "currency": "GBP",
        "text": "£9.15"
      }
    },
    "objectId": "1943936",
    "brand": "Christian Dior",
    "attributes": {
      "fragrance_scent": [
        "amber",
        "fruity",
        "floral"
      ],
      "size": "21-30",
      "gender": "womens",
      "StockOverrideMessage": "STOCK_COMING_SOON",
      "parentCategory_UK": "33071",
      "fragrance_type": "eau de toilette",
      "hasPriceAdvantageDeal": false,
      "Reporting_Category": "fragrance",
      "ProductReviewFlag": "1"
    },
    "variants": {
      "colours": [],
      "hasColours": false,
      "hasSizes": false
    },
    "categories": [
      [
        {
          "name": "fragrance",
          "label": "fragrance"
        },
        {
          "name": "gift",
          "label": "gift"
        }
      ],
      [
        {
          "name": "perfume",
          "label": "fragrance > perfume"
        },
        {
          "name": "fragrance offers",
          "label": "fragrance > fragrance offers"
        },
        {
          "name": "gifts for her",
          "label": "gift > gifts for her"
        }
      ],
      [
        {
          "name": "all perfumes",
          "label": "fragrance > perfume > all perfumes"
        },
        {
          "name": "floral perfume",
          "label": "fragrance > perfume > floral perfume"
        },
        {
          "name": "amber perfume",
          "label": "fragrance > perfume > amber perfume"
        },
        {
          "name": "Save 15% on 100s of fragrances",
          "label": "fragrance > fragrance offers > Save 15% on 100s of fragrances"
        },
        {
          "name": "all perfumes",
          "label": "gift > gifts for her > all perfumes"
        }
      ]
    ],
    "reviews": {
      "average": 4.42,
      "count": 24,
      "rounded": 4
    },
    "parent": {
      "product": "1943935",
      "partNumber": "10226504.P",
      "model": "10226504",
      "manufacturerModel": "6867901"
    },
    "images": {
      "thumbnail": "https://boots.scene7.com/is/image/Boots/10226504?wid=45&hei=60&op_sharpen=1"
    },
    "offers": [
      {
        "text": "Save up to 20 percent on selected fragrances"
      }
    ],
    "actions": {},
    "iconUri": "https://boots.scene7.com/is/image/Boots/10226504?op_sharpen=1",
    "title": "DIOR Poison Girl Eau de Toilette 30ml",
    "referenceUri": "/dior-poison-girl-eau-de-toilette-30ml-10226504",
    "canAddToBasket": "yes",
    "opticians": false,
    "inStock": true,
    "expressDelivery": false,
    "hasOtherPromotion": true,
    "channelPromotionalTextMap": {
      "-1": [
        "Save up to 20 percent on selected fragrances"
      ],
      "-6": [
        "Save up to 20 percent on selected fragrances"
      ]
    },
    "adCardPoints": 153
  },
  {
    "_id": {
      "$oid": "65ec108d9884656b92f55957"
    },
    "ppuQuantity": "90ML",
    "pricing": {
      "perUnit": "£133.33 per 100ML",
      "regular": {
        "value": 120,
        "currency": "GBP",
        "text": "£120.00"
      },
      "current": {
        "value": 120,
        "currency": "GBP",
        "text": "£120.00"
      }
    },
    "objectId": "2843591",
    "brand": "Narciso Rodriguez",
    "attributes": {
      "fragrance_scent": [
        "floral",
        "musk"
      ],
      "suitable_for": "vegan",
      "StockOverrideMessage": "STOCK_COMING_SOON",
      "gender": "womens",
      "size": "71-100",
      "fragrance_type": "eau de parfum",
      "format": "spray",
      "hasPriceAdvantageDeal": false,
      "ProductReviewFlag": "1"
    },
    "variants": {
      "colours": [],
      "hasColours": false,
      "hasSizes": false
    },
    "categories": [
      [
        {
          "name": "fragrance",
          "label": "fragrance"
        },
        {
          "name": "gift",
          "label": "gift"
        },
        {
          "name": "new in",
          "label": "new in"
        }
      ],
      [
        {
          "name": "perfume",
          "label": "fragrance > perfume"
        },
        {
          "name": "gifts for her",
          "label": "gift > gifts for her"
        },
        {
          "name": "new in fragrance",
          "label": "fragrance > new in fragrance"
        },
        {
          "name": "new in fragrance",
          "label": "new in > new in fragrance"
        }
      ],
      [
        {
          "name": "all perfumes",
          "label": "fragrance > perfume > all perfumes"
        },
        {
          "name": "musky perfume",
          "label": "fragrance > perfume > musky perfume"
        },
        {
          "name": "floral perfume",
          "label": "fragrance > perfume > floral perfume"
        },
        {
          "name": "all perfumes",
          "label": "gift > gifts for her > all perfumes"
        }
      ]
    ],
    "reviews": {
      "average": 4.38,
      "count": 1667,
      "rounded": 4
    },
    "parent": {
      "product": "2843590",
      "partNumber": "10329271.P",
      "model": "10329271",
      "manufacturerModel": "5589088"
    },
    "images": {
      "thumbnail": "https://boots.scene7.com/is/image/Boots/10329271?wid=45&hei=60&op_sharpen=1"
    },
    "offers": [
      {
        "text": "Free Narciso Rodriguez mirror and case when you buy selected fragrance - online only, whilst stocks last"
      },
      {
        "text": "Free gift when you buy selected Narciso Rodriguez - while stocks last"
      }
    ],
    "actions": {},
    "iconUri": "https://boots.scene7.com/is/image/Boots/10329271?op_sharpen=1",
    "title": "Narciso Rodriguez all of me Eau de Parfum 90ml",
    "referenceUri": "/narciso-rodriguez-all-of-me-eau-de-parfum-90ml-10329271",
    "canAddToBasket": "yes",
    "opticians": false,
    "inStock": true,
    "expressDelivery": false,
    "hasOtherPromotion": true,
    "channelPromotionalTextMap": {
      "-1": [
        "Free Narciso Rodriguez mirror and case when you buy selected fragrance - online only, whilst stocks last",
        "Free gift when you buy selected Narciso Rodriguez - while stocks last"
      ],
      "-6": [
        "Free Narciso Rodriguez mirror and case when you buy selected fragrance - online only, whilst stocks last",
        "Free gift when you buy selected Narciso Rodriguez - while stocks last"
      ]
    },
    "adCardPoints": 360
  },
  {
    "_id": {
      "$oid": "65ec108d9884656b92f55958"
    },
    "ppuQuantity": "100ML",
    "pricing": {
      "perUnit": "£34.00 per 100ML",
      "regular": {
        "value": 34,
        "currency": "GBP",
        "text": "£34.00"
      },
      "current": {
        "value": 34,
        "currency": "GBP",
        "text": "£34.00"
      }
    },
    "objectId": "2353553",
    "brand": "Karl Lagerfeld",
    "attributes": {
      "fragrance_scent": [
        "amber",
        "floral",
        "woody"
      ],
      "gender": "womens",
      "size": "71-100",
      "StockOverrideMessage": "STOCK_COMING_SOON",
      "fragrance_type": "eau de parfum",
      "format": "spray",
      "hasPriceAdvantageDeal": false,
      "Reporting_Category": "fragrance",
      "ProductReviewFlag": "1"
    },
    "variants": {
      "colours": [],
      "hasColours": false,
      "hasSizes": false
    },
    "categories": [
      [
        {
          "name": "new in",
          "label": "new in"
        },
        {
          "name": "fragrance",
          "label": "fragrance"
        },
        {
          "name": "gift",
          "label": "gift"
        }
      ],
      [
        {
          "name": "new in fragrance",
          "label": "new in > new in fragrance"
        },
        {
          "name": "perfume",
          "label": "fragrance > perfume"
        },
        {
          "name": "gifts for her",
          "label": "gift > gifts for her"
        },
        {
          "name": "new in fragrance",
          "label": "fragrance > new in fragrance"
        }
      ],
      [
        {
          "name": "all perfumes",
          "label": "fragrance > perfume > all perfumes"
        },
        {
          "name": "floral perfume",
          "label": "fragrance > perfume > floral perfume"
        },
        {
          "name": "amber perfume",
          "label": "fragrance > perfume > amber perfume"
        },
        {
          "name": "all perfumes",
          "label": "gift > gifts for her > all perfumes"
        }
      ]
    ],
    "reviews": {
      "average": 4.38,
      "count": 13,
      "rounded": 4
    },
    "parent": {
      "product": "2353552",
      "partNumber": "10275521.P",
      "model": "10275521",
      "manufacturerModel": "8758409"
    },
    "images": {
      "thumbnail": "https://boots.scene7.com/is/image/Boots/10275521?wid=45&hei=60&op_sharpen=1"
    },
    "offers": [],
    "actions": {},
    "iconUri": "https://boots.scene7.com/is/image/Boots/10275521?op_sharpen=1",
    "title": "Karl Lagerfeld Fleur de Mûrier Eau de Parfum 100ml",
    "referenceUri": "/karl-lagerfeld-fleur-de-murier-eau-de-parfum-100ml-10275521",
    "canAddToBasket": "yes",
    "opticians": false,
    "inStock": true,
    "expressDelivery": false,
    "hasOtherPromotion": false,
    "channelPromotionalTextMap": {
      "-1": [],
      "-6": []
    },
    "adCardPoints": 102
  },
  {
    "_id": {
      "$oid": "65ec108d9884656b92f55959"
    },
    "ppuQuantity": "100ML",
    "pricing": {
      "perUnit": "£63.75 per 100ML",
      "regular": {
        "value": 75,
        "currency": "GBP",
        "text": "£75.00"
      },
      "current": {
        "value": 63.75,
        "currency": "GBP",
        "text": "£63.75"
      },
      "saving": {
        "value": 11.25,
        "currency": "GBP",
        "text": "£11.25"
      }
    },
    "objectId": "2849171",
    "brand": "Clinique",
    "attributes": {
      "fragrance_scent": "floral",
      "product_type": "perfume",
      "StockOverrideMessage": "STOCK_COMING_SOON",
      "gender": "womens",
      "size": "71-100",
      "fragrance_type": "eau de parfum",
      "hasPriceAdvantageDeal": false,
      "ProductReviewFlag": "1"
    },
    "variants": {
      "colours": [],
      "hasColours": false,
      "hasSizes": false
    },
    "categories": [
      [
        {
          "name": "fragrance",
          "label": "fragrance"
        },
        {
          "name": "beauty & skincare",
          "label": "beauty & skincare"
        },
        {
          "name": "gift",
          "label": "gift"
        }
      ],
      [
        {
          "name": "brands",
          "label": "fragrance > brands"
        },
        {
          "name": "premium beauty & skincare",
          "label": "beauty & skincare > premium beauty & skincare"
        },
        {
          "name": "perfume",
          "label": "fragrance > perfume"
        },
        {
          "name": "gifts for her",
          "label": "gift > gifts for her"
        }
      ],
      [
        {
          "name": "save up to 25% across selected premium beauty and No7",
          "label": "beauty & skincare > premium beauty & skincare > save up to 25% across selected premium beauty and No7"
        },
        {
          "name": "all perfumes",
          "label": "fragrance > perfume > all perfumes"
        },
        {
          "name": "all perfumes",
          "label": "gift > gifts for her > all perfumes"
        }
      ]
    ],
    "reviews": {
      "average": 4.3,
      "count": 10,
      "rounded": 4
    },
    "parent": {
      "product": "2849170",
      "partNumber": "10330157.P",
      "model": "10330157",
      "manufacturerModel": "5708494"
    },
    "images": {
      "thumbnail": "https://boots.scene7.com/is/image/Boots/10330157?wid=45&hei=60&op_sharpen=1"
    },
    "offers": [
      {
        "text": "Free gift when you spend £65 or more on selected Clinique - online only while stocks last"
      },
      {
        "text": "Save up to 25 percent across selected Premium Beauty"
      }
    ],
    "actions": {},
    "iconUri": "https://boots.scene7.com/is/image/Boots/10330157?op_sharpen=1",
    "title": "Clinique Clinique My Happy™ Cocoa & Cashmere 100ml",
    "referenceUri": "/clinique-clinique-my-happy-cocoa-cashmere-100ml-10330157",
    "canAddToBasket": "yes",
    "opticians": false,
    "inStock": true,
    "expressDelivery": false,
    "hasOtherPromotion": true,
    "channelPromotionalTextMap": {
      "-1": [
        "Free gift when you spend £65 or more on selected Clinique - online only while stocks last",
        "Save up to 25 percent across selected Premium Beauty"
      ],
      "-6": [
        "Free gift when you spend £65 or more on selected Clinique - online only while stocks last",
        "Save up to 25 percent across selected Premium Beauty"
      ]
    },
    "adCardPoints": 189
  },
  {
    "_id": {
      "$oid": "65ec108d9884656b92f5595a"
    },
    "ppuQuantity": "100ML",
    "pricing": {
      "perUnit": "£40.00 per 100ML",
      "regular": {
        "value": 66,
        "currency": "GBP",
        "text": "£66.00"
      },
      "current": {
        "value": 40,
        "currency": "GBP",
        "text": "£40.00"
      },
      "saving": {
        "value": 26,
        "currency": "GBP",
        "text": "£26.00"
      }
    },
    "objectId": "2872655",
    "brand": "Vera Wang",
    "attributes": {
      "fragrance_scent": [
        "floral",
        "fruity"
      ],
      "product_type": "body spray",
      "size": "71-100",
      "gender": "womens",
      "StockOverrideMessage": "STOCK_COMING_SOON",
      "fragrance_type": "eau de toilette",
      "format": "spray",
      "hasPriceAdvantageDeal": false,
      "ProductReviewFlag": "1"
    },
    "variants": {
      "colours": [],
      "hasColours": false,
      "hasSizes": false
    },
    "categories": [
      [
        {
          "name": "new in",
          "label": "new in"
        },
        {
          "name": "fragrance",
          "label": "fragrance"
        },
        {
          "name": "gift",
          "label": "gift"
        }
      ],
      [
        {
          "name": "perfume",
          "label": "fragrance > perfume"
        },
        {
          "name": "fragrance offers",
          "label": "fragrance > fragrance offers"
        },
        {
          "name": "gifts for her",
          "label": "gift > gifts for her"
        },
        {
          "name": "new in fragrance",
          "label": "fragrance > new in fragrance"
        },
        {
          "name": "new in fragrance",
          "label": "new in > new in fragrance"
        }
      ],
      [
        {
          "name": "all perfumes",
          "label": "fragrance > perfume > all perfumes"
        },
        {
          "name": "save up to half price",
          "label": "fragrance > fragrance offers > save up to half price"
        },
        {
          "name": "all perfumes",
          "label": "gift > gifts for her > all perfumes"
        }
      ]
    ],
    "reviews": {
      "average": 4.24,
      "count": 288,
      "rounded": 4
    },
    "parent": {
      "product": "2872654",
      "partNumber": "10333384.P",
      "model": "10333384",
      "manufacturerModel": "5771137"
    },
    "images": {
      "thumbnail": "https://boots.scene7.com/is/image/Boots/10333384?wid=45&hei=60&op_sharpen=1"
    },
    "offers": [
      {
        "text": "Save up to 1/2 price on selected fragrances"
      }
    ],
    "actions": {},
    "iconUri": "https://boots.scene7.com/is/image/Boots/10333384?op_sharpen=1",
    "title": "Vera Wang Rock Princess Eau de Toilette 100ml",
    "referenceUri": "/vera-wang-rock-princess-eau-de-toilette-100ml-10333384",
    "canAddToBasket": "yes",
    "opticians": false,
    "inStock": true,
    "expressDelivery": false,
    "hasOtherPromotion": true,
    "channelPromotionalTextMap": {
      "-1": [
        "Save up to 1/2 price on selected fragrances"
      ],
      "-6": [
        "Save up to 1/2 price on selected fragrances"
      ]
    },
    "adCardPoints": 120
  },
  {
    "_id": {
      "$oid": "65ec108d9884656b92f5595b"
    },
    "ppuQuantity": "40ML",
    "pricing": {
      "perUnit": "£156.00 per 100ML",
      "regular": {
        "value": 78,
        "currency": "GBP",
        "text": "£78.00"
      },
      "current": {
        "value": 62.4,
        "currency": "GBP",
        "text": "£62.40"
      },
      "saving": {
        "value": 15.6,
        "currency": "GBP",
        "text": "£15.60"
      }
    },
    "objectId": "2575049",
    "brand": "Estee Lauder",
    "attributes": {
      "fragrance_scent": "floral",
      "gender": "womens",
      "size": "31-40",
      "StockOverrideMessage": "STOCK_COMING_SOON",
      "format": "spray",
      "fragrance_type": "eau de parfum",
      "hasPriceAdvantageDeal": false,
      "Reporting_Category": "fragrance",
      "gift_type": "fragrance gifts",
      "ProductReviewFlag": "1"
    },
    "variants": {
      "colours": [],
      "hasColours": false,
      "hasSizes": false
    },
    "categories": [
      [
        {
          "name": "fragrance",
          "label": "fragrance"
        },
        {
          "name": "beauty & skincare",
          "label": "beauty & skincare"
        },
        {
          "name": "gift",
          "label": "gift"
        }
      ],
      [
        {
          "name": "perfume",
          "label": "fragrance > perfume"
        },
        {
          "name": "premium beauty & skincare",
          "label": "beauty & skincare > premium beauty & skincare"
        },
        {
          "name": "gifts for her",
          "label": "gift > gifts for her"
        }
      ],
      [
        {
          "name": "save up to 25% across selected premium beauty and No7",
          "label": "beauty & skincare > premium beauty & skincare > save up to 25% across selected premium beauty and No7"
        },
        {
          "name": "all perfumes",
          "label": "fragrance > perfume > all perfumes"
        },
        {
          "name": "floral perfume",
          "label": "fragrance > perfume > floral perfume"
        },
        {
          "name": "all perfumes",
          "label": "gift > gifts for her > all perfumes"
        }
      ]
    ],
    "reviews": {
      "average": 3.98,
      "count": 63,
      "rounded": 3
    },
    "parent": {
      "product": "2575048",
      "partNumber": "10299527.P",
      "model": "10299527",
      "manufacturerModel": "4909429"
    },
    "images": {
      "thumbnail": "https://boots.scene7.com/is/image/Boots/10299527?wid=45&hei=60&op_sharpen=1"
    },
    "offers": [
      {
        "text": "Save up to 25 percent across selected Premium Beauty"
      }
    ],
    "actions": {},
    "iconUri": "https://boots.scene7.com/is/image/Boots/10299527?op_sharpen=1",
    "title": "Estée Lauder Paradise Moon Eau de Parfum Spray 40ml",
    "referenceUri": "/estee-lauder-paradise-moon-eau-de-parfum-spray-40ml-10299527",
    "canAddToBasket": "yes",
    "opticians": false,
    "inStock": true,
    "expressDelivery": false,
    "hasOtherPromotion": true,
    "channelPromotionalTextMap": {
      "-1": [
        "Save up to 25 percent across selected Premium Beauty"
      ],
      "-6": [
        "Save up to 25 percent across selected Premium Beauty"
      ]
    },
    "adCardPoints": 186
  },
  {
    "_id": {
      "$oid": "65ec108d9884656b92f5595c"
    },
    "ppuQuantity": "100ML",
    "pricing": {
      "perUnit": "£112.00 per 100ML",
      "regular": {
        "value": 140,
        "currency": "GBP",
        "text": "£140.00"
      },
      "current": {
        "value": 112,
        "currency": "GBP",
        "text": "£112.00"
      },
      "saving": {
        "value": 28,
        "currency": "GBP",
        "text": "£28.00"
      }
    },
    "objectId": "2575033",
    "brand": "Estee Lauder",
    "attributes": {
      "fragrance_scent": "floral",
      "gender": "womens",
      "size": "71-100",
      "StockOverrideMessage": "STOCK_COMING_SOON",
      "format": "spray",
      "fragrance_type": "eau de parfum",
      "hasPriceAdvantageDeal": false,
      "Reporting_Category": "fragrance",
      "ProductReviewFlag": "1"
    },
    "variants": {
      "colours": [],
      "hasColours": false,
      "hasSizes": false
    },
    "categories": [
      [
        {
          "name": "fragrance",
          "label": "fragrance"
        },
        {
          "name": "beauty & skincare",
          "label": "beauty & skincare"
        },
        {
          "name": "gift",
          "label": "gift"
        }
      ],
      [
        {
          "name": "perfume",
          "label": "fragrance > perfume"
        },
        {
          "name": "premium beauty & skincare",
          "label": "beauty & skincare > premium beauty & skincare"
        },
        {
          "name": "gifts for her",
          "label": "gift > gifts for her"
        }
      ],
      [
        {
          "name": "save up to 25% across selected premium beauty and No7",
          "label": "beauty & skincare > premium beauty & skincare > save up to 25% across selected premium beauty and No7"
        },
        {
          "name": "all perfumes",
          "label": "fragrance > perfume > all perfumes"
        },
        {
          "name": "floral perfume",
          "label": "fragrance > perfume > floral perfume"
        },
        {
          "name": "all perfumes",
          "label": "gift > gifts for her > all perfumes"
        }
      ]
    ],
    "reviews": {
      "average": 3.98,
      "count": 63,
      "rounded": 3
    },
    "parent": {
      "product": "2575032",
      "partNumber": "10299519.P",
      "model": "10299519",
      "manufacturerModel": "4909097"
    },
    "images": {
      "thumbnail": "https://boots.scene7.com/is/image/Boots/10299519?wid=45&hei=60&op_sharpen=1"
    },
    "offers": [
      {
        "text": "Save up to 25 percent across selected Premium Beauty"
      }
    ],
    "actions": {},
    "iconUri": "https://boots.scene7.com/is/image/Boots/10299519?op_sharpen=1",
    "title": "Estée Lauder Paradise Moon Eau de Parfum Spray 100ml",
    "referenceUri": "/estee-lauder-paradise-moon-eau-de-parfum-spray-100ml-10299519",
    "canAddToBasket": "yes",
    "opticians": false,
    "inStock": true,
    "expressDelivery": false,
    "hasOtherPromotion": true,
    "channelPromotionalTextMap": {
      "-1": [
        "Save up to 25 percent across selected Premium Beauty"
      ],
      "-6": [
        "Save up to 25 percent across selected Premium Beauty"
      ]
    },
    "adCardPoints": 336
  },
  {
    "_id": {
      "$oid": "65ec108d9884656b92f5595d"
    },
    "ppuQuantity": "100ML",
    "pricing": {
      "perUnit": "£112.00 per 100ML",
      "regular": {
        "value": 140,
        "currency": "GBP",
        "text": "£140.00"
      },
      "current": {
        "value": 112,
        "currency": "GBP",
        "text": "£112.00"
      },
      "saving": {
        "value": 28,
        "currency": "GBP",
        "text": "£28.00"
      }
    },
    "objectId": "2575039",
    "brand": "Estee Lauder",
    "attributes": {
      "fragrance_scent": "woody",
      "gender": "womens",
      "size": "71-100",
      "StockOverrideMessage": "STOCK_COMING_SOON",
      "fragrance_type": "eau de parfum",
      "format": "spray",
      "hasPriceAdvantageDeal": false,
      "Reporting_Category": "fragrance",
      "ProductReviewFlag": "1"
    },
    "variants": {
      "colours": [],
      "hasColours": false,
      "hasSizes": false
    },
    "categories": [
      [
        {
          "name": "fragrance",
          "label": "fragrance"
        },
        {
          "name": "gift",
          "label": "gift"
        }
      ],
      [
        {
          "name": "perfume",
          "label": "fragrance > perfume"
        },
        {
          "name": "gifts for her",
          "label": "gift > gifts for her"
        }
      ],
      [
        {
          "name": "all perfumes",
          "label": "fragrance > perfume > all perfumes"
        },
        {
          "name": "all perfumes",
          "label": "gift > gifts for her > all perfumes"
        }
      ]
    ],
    "reviews": {
      "average": 3.96,
      "count": 55,
      "rounded": 3
    },
    "parent": {
      "product": "2575038",
      "partNumber": "10299522.P",
      "model": "10299522",
      "manufacturerModel": "4909127"
    },
    "images": {
      "thumbnail": "https://boots.scene7.com/is/image/Boots/10299522?wid=45&hei=60&op_sharpen=1"
    },
    "offers": [
      {
        "text": "Save up to 25 percent across selected Premium Beauty"
      }
    ],
    "actions": {},
    "iconUri": "https://boots.scene7.com/is/image/Boots/10299522?op_sharpen=1",
    "title": "Estée Lauder Blushing Sands Eau de Parfum Spray 100ml",
    "referenceUri": "/estee-lauder-blushing-sands-eau-de-parfum-spray-100ml-10299522",
    "canAddToBasket": "yes",
    "opticians": false,
    "inStock": true,
    "expressDelivery": false,
    "hasOtherPromotion": true,
    "channelPromotionalTextMap": {
      "-1": [
        "Save up to 25 percent across selected Premium Beauty"
      ],
      "-6": [
        "Save up to 25 percent across selected Premium Beauty"
      ]
    },
    "adCardPoints": 336
  },
  {
    "_id": {
      "$oid": "65ec108d9884656b92f5595e"
    },
    "ppuQuantity": "100ML",
    "pricing": {
      "perUnit": "£110.00 per 100ML",
      "regular": {
        "value": 110,
        "currency": "GBP",
        "text": "£110.00"
      },
      "current": {
        "value": 110,
        "currency": "GBP",
        "text": "£110.00"
      }
    },
    "objectId": "2635611",
    "brand": "Estee Lauder",
    "attributes": {
      "fragrance_scent": [
        "chypre",
        "floral"
      ],
      "size": "71-100",
      "StockOverrideMessage": "STOCK_COMING_SOON",
      "fragrance_type": "eau de parfum",
      "hasPriceAdvantageDeal": false,
      "Reporting_Category": "fragrance",
      "ProductReviewFlag": "1"
    },
    "variants": {
      "colours": [],
      "hasColours": false,
      "hasSizes": false
    },
    "categories": [
      [
        {
          "name": "fragrance",
          "label": "fragrance"
        },
        {
          "name": "gift",
          "label": "gift"
        }
      ],
      [
        {
          "name": "perfume",
          "label": "fragrance > perfume"
        },
        {
          "name": "gifts for her",
          "label": "gift > gifts for her"
        }
      ],
      [
        {
          "name": "all perfumes",
          "label": "fragrance > perfume > all perfumes"
        },
        {
          "name": "floral perfume",
          "label": "fragrance > perfume > floral perfume"
        },
        {
          "name": "all perfumes",
          "label": "gift > gifts for her > all perfumes"
        }
      ]
    ],
    "reviews": {
      "average": 3.68,
      "count": 19,
      "rounded": 3
    },
    "parent": {
      "product": "2635610",
      "partNumber": "10306016.P",
      "model": "10306016",
      "manufacturerModel": "8996768"
    },
    "images": {
      "thumbnail": "https://boots.scene7.com/is/image/Boots/10306016?wid=45&hei=60&op_sharpen=1"
    },
    "offers": [],
    "actions": {},
    "iconUri": "https://boots.scene7.com/is/image/Boots/10306016?op_sharpen=1",
    "title": "Estée Lauder Beautiful Magnolia Intense Eau de Parfum 100ml",
    "referenceUri": "/estee-lauder-beautiful-magnolia-intense-eau-de-parfum-100ml-10306016",
    "canAddToBasket": "yes",
    "opticians": false,
    "inStock": true,
    "expressDelivery": false,
    "hasOtherPromotion": false,
    "channelPromotionalTextMap": {
      "-1": [],
      "-6": []
    },
    "adCardPoints": 330
  },
  {
    "_id": {
      "$oid": "65ec108d9884656b92f5595f"
    },
    "ppuQuantity": "100ML",
    "pricing": {
      "perUnit": "£50.00 per 100ML",
      "regular": {
        "value": 50,
        "currency": "GBP",
        "text": "£50.00"
      },
      "current": {
        "value": 50,
        "currency": "GBP",
        "text": "£50.00"
      }
    },
    "objectId": "2785592",
    "brand": "DKNY",
    "attributes": {
      "fragrance_scent": "floral",
      "product_type": "gift set",
      "StockOverrideMessage": "SOLD_OUT",
      "gender": "womens",
      "size": "71-100",
      "fragrance_type": "eau de parfum",
      "hasPriceAdvantageDeal": false,
      "gift_type": [
        "fragrance gifts",
        "fragrance gift sets"
      ],
      "ProductReviewFlag": "1"
    },
    "variants": {
      "colours": [],
      "hasColours": false,
      "hasSizes": false
    },
    "categories": [
      [
        {
          "name": "gift",
          "label": "gift"
        },
        {
          "name": "fragrance",
          "label": "fragrance"
        }
      ],
      [
        {
          "name": "gifts for her",
          "label": "gift > gifts for her"
        },
        {
          "name": "perfume",
          "label": "fragrance > perfume"
        }
      ],
      [
        {
          "name": "all perfumes",
          "label": "gift > gifts for her > all perfumes"
        },
        {
          "name": "all perfumes",
          "label": "fragrance > perfume > all perfumes"
        },
        {
          "name": "floral perfume",
          "label": "fragrance > perfume > floral perfume"
        }
      ]
    ],
    "reviews": {
      "average": 3.6,
      "count": 15,
      "rounded": 3
    },
    "parent": {
      "product": "2785591",
      "partNumber": "10323147.P",
      "model": "10323147",
      "manufacturerModel": "5276365"
    },
    "images": {
      "thumbnail": "https://boots.scene7.com/is/image/Boots/10323147?wid=45&hei=60&op_sharpen=1"
    },
    "offers": [
      {
        "text": "Clearance - when its gone its gone"
      }
    ],
    "actions": {},
    "iconUri": "https://boots.scene7.com/is/image/Boots/10323147?op_sharpen=1",
    "title": "DKNY Women Summer Edition Eau de Toilette 100ml",
    "referenceUri": "/dkny-women-summer-edition-eau-de-toilette-100ml-10323147",
    "canAddToBasket": "yes",
    "opticians": false,
    "inStock": true,
    "expressDelivery": false,
    "hasOtherPromotion": true,
    "channelPromotionalTextMap": {
      "-1": [
        "Clearance - when its gone its gone"
      ],
      "-6": [
        "Clearance - when its gone its gone"
      ]
    },
    "adCardPoints": 150
  },
  {
    "_id": {
      "$oid": "65ec108d9884656b92f55960"
    },
    "ppuQuantity": "50ML",
    "pricing": {
      "perUnit": "£142.80 per 100ML",
      "regular": {
        "value": 84,
        "currency": "GBP",
        "text": "£84.00"
      },
      "current": {
        "value": 71.4,
        "currency": "GBP",
        "text": "£71.40"
      },
      "saving": {
        "value": 12.6,
        "currency": "GBP",
        "text": "£12.60"
      }
    },
    "objectId": "2816599",
    "brand": "Hermes",
    "attributes": {
      "fragrance_scent": [
        "floral",
        "woody"
      ],
      "size": "41-50",
      "StockOverrideMessage": "STOCK_COMING_SOON",
      "fragrance_type": "eau de toilette",
      "hasPriceAdvantageDeal": false,
      "ProductReviewFlag": "1"
    },
    "variants": {
      "colours": [],
      "hasColours": false,
      "hasSizes": false
    },
    "categories": [
      [
        {
          "name": "fragrance",
          "label": "fragrance"
        },
        {
          "name": "toiletries",
          "label": "toiletries"
        },
        {
          "name": "men's",
          "label": "men's"
        },
        {
          "name": "gift",
          "label": "gift"
        }
      ],
      [
        {
          "name": "brands",
          "label": "fragrance > brands"
        },
        {
          "name": "men's toiletries",
          "label": "toiletries > men's toiletries"
        },
        {
          "name": "men's toiletries",
          "label": "men's > men's toiletries"
        },
        {
          "name": "perfume",
          "label": "fragrance > perfume"
        },
        {
          "name": "aftershave",
          "label": "fragrance > aftershave"
        },
        {
          "name": "gifts for him",
          "label": "gift > gifts for him"
        },
        {
          "name": "gifts for her",
          "label": "gift > gifts for her"
        },
        {
          "name": "aftershave",
          "label": "men's > aftershave"
        },
        {
          "name": "luxury fragrance",
          "label": "fragrance > luxury fragrance"
        }
      ],
      [
        {
          "name": "aftershave",
          "label": "toiletries > men's toiletries > aftershave"
        },
        {
          "name": "aftershave",
          "label": "men's > men's toiletries > aftershave"
        },
        {
          "name": "all perfumes",
          "label": "fragrance > perfume > all perfumes"
        },
        {
          "name": "floral perfume",
          "label": "fragrance > perfume > floral perfume"
        },
        {
          "name": "all aftershave",
          "label": "fragrance > aftershave > all aftershave"
        },
        {
          "name": "all aftershave",
          "label": "gift > gifts for him > all aftershave"
        },
        {
          "name": "all perfumes",
          "label": "gift > gifts for her > all perfumes"
        },
        {
          "name": "all aftershave",
          "label": "men's > aftershave > all aftershave"
        }
      ],
      [
        {
          "name": "all aftershave",
          "label": "toiletries > men's toiletries > aftershave > all aftershave"
        },
        {
          "name": "all aftershave",
          "label": "men's > men's toiletries > aftershave > all aftershave"
        }
      ]
    ],
    "reviews": {
      "average": 1,
      "count": 1,
      "rounded": 1
    },
    "parent": {
      "product": "2816598",
      "partNumber": "10326440.P",
      "model": "10326440",
      "manufacturerModel": "5437989"
    },
    "images": {
      "thumbnail": "https://boots.scene7.com/is/image/Boots/10326440?wid=45&hei=60&op_sharpen=1"
    },
    "offers": [
      {
        "text": "Save up to 20 percent on selected fragrances"
      }
    ],
    "actions": {},
    "iconUri": "https://boots.scene7.com/is/image/Boots/10326440?op_sharpen=1",
    "title": "Hermès Un Jardin à Cythère, Eau de Toilette, 50ml",
    "referenceUri": "/hermes-un-jardin-a-cythere-eau-de-toilette-50ml-10326440",
    "canAddToBasket": "yes",
    "opticians": false,
    "inStock": true,
    "expressDelivery": false,
    "hasOtherPromotion": true,
    "channelPromotionalTextMap": {
      "-1": [
        "Save up to 20 percent on selected fragrances"
      ],
      "-6": [
        "Save up to 20 percent on selected fragrances"
      ]
    },
    "adCardPoints": 213
  },
  {
    "_id": {
      "$oid": "65ec108d9884656b92f55961"
    },
    "ppuQuantity": "50ML",
    "pricing": {
      "perUnit": "£140.00 per 100ML",
      "regular": {
        "value": 70,
        "currency": "GBP",
        "text": "£70.00"
      },
      "current": {
        "value": 70,
        "currency": "GBP",
        "text": "£70.00"
      }
    },
    "objectId": "2812643",
    "brand": "Issey Miyake",
    "attributes": {
      "fragrance_scent": "floral",
      "size": "41-50",
      "StockOverrideMessage": "STOCK_COMING_SOON",
      "fragrance_type": "eau de toilette",
      "hasPriceAdvantageDeal": false,
      "ProductReviewFlag": "1"
    },
    "variants": {
      "colours": [],
      "hasColours": false,
      "hasSizes": false
    },
    "categories": [
      [
        {
          "name": "fragrance",
          "label": "fragrance"
        },
        {
          "name": "gift",
          "label": "gift"
        }
      ],
      [
        {
          "name": "brands",
          "label": "fragrance > brands"
        },
        {
          "name": "perfume",
          "label": "fragrance > perfume"
        },
        {
          "name": "gifts for her",
          "label": "gift > gifts for her"
        },
        {
          "name": "luxury fragrance",
          "label": "fragrance > luxury fragrance"
        }
      ],
      [
        {
          "name": "all perfumes",
          "label": "fragrance > perfume > all perfumes"
        },
        {
          "name": "floral perfume",
          "label": "fragrance > perfume > floral perfume"
        },
        {
          "name": "all perfumes",
          "label": "gift > gifts for her > all perfumes"
        }
      ]
    ],
    "reviews": {
      "average": 1,
      "count": 1,
      "rounded": 1
    },
    "parent": {
      "product": "2812642",
      "partNumber": "10326252.P",
      "model": "10326252",
      "manufacturerModel": "5435277"
    },
    "images": {
      "thumbnail": "https://boots.scene7.com/is/image/Boots/10326252?wid=45&hei=60&op_sharpen=1"
    },
    "offers": [],
    "actions": {},
    "iconUri": "https://boots.scene7.com/is/image/Boots/10326252?op_sharpen=1",
    "title": "Issey Miyake L'Eau d'Issey Pivonie Pour Femme Eau de Toilette Intense 50ml",
    "referenceUri": "/issey-miyake-leau-dissey-pivonie-pour-femme-eau-de-toilette-intense-50ml-10326252",
    "canAddToBasket": "yes",
    "opticians": false,
    "inStock": true,
    "expressDelivery": false,
    "hasOtherPromotion": false,
    "channelPromotionalTextMap": {
      "-1": [],
      "-6": []
    },
    "adCardPoints": 210
  },
  {
    "_id": {
      "$oid": "65ec108d9884656b92f55962"
    },
    "ppuQuantity": "100ML",
    "pricing": {
      "perUnit": "£70.00 per 100ML",
      "regular": {
        "value": 70,
        "currency": "GBP",
        "text": "£70.00"
      },
      "current": {
        "value": 70,
        "currency": "GBP",
        "text": "£70.00"
      }
    },
    "objectId": "2935601",
    "brand": "Azzaro",
    "attributes": {
      "fragrance_scent": "musk",
      "product_type": "body spray",
      "gender": "mens",
      "size": "71-100",
      "StockOverrideMessage": "STOCK_COMING_SOON",
      "fragrance_type": "eau de toilette",
      "format": "spray",
      "hasPriceAdvantageDeal": false,
      "ProductReviewFlag": "1"
    },
    "variants": {
      "colours": [],
      "hasColours": false,
      "hasSizes": false
    },
    "categories": [
      [
        {
          "name": "new in",
          "label": "new in"
        },
        {
          "name": "toiletries",
          "label": "toiletries"
        },
        {
          "name": "men's",
          "label": "men's"
        },
        {
          "name": "fragrance",
          "label": "fragrance"
        },
        {
          "name": "gift",
          "label": "gift"
        }
      ],
      [
        {
          "name": "new in fragrance",
          "label": "new in > new in fragrance"
        },
        {
          "name": "men's toiletries",
          "label": "toiletries > men's toiletries"
        },
        {
          "name": "men's toiletries",
          "label": "men's > men's toiletries"
        },
        {
          "name": "perfume",
          "label": "fragrance > perfume"
        },
        {
          "name": "aftershave",
          "label": "fragrance > aftershave"
        },
        {
          "name": "gifts for him",
          "label": "gift > gifts for him"
        },
        {
          "name": "gifts for her",
          "label": "gift > gifts for her"
        },
        {
          "name": "aftershave",
          "label": "men's > aftershave"
        },
        {
          "name": "new in fragrance",
          "label": "fragrance > new in fragrance"
        },
        {
          "name": "brands",
          "label": "fragrance > brands"
        }
      ],
      [
        {
          "name": "aftershave",
          "label": "toiletries > men's toiletries > aftershave"
        },
        {
          "name": "aftershave",
          "label": "men's > men's toiletries > aftershave"
        },
        {
          "name": "all perfumes",
          "label": "fragrance > perfume > all perfumes"
        },
        {
          "name": "all aftershave",
          "label": "fragrance > aftershave > all aftershave"
        },
        {
          "name": "all aftershave",
          "label": "gift > gifts for him > all aftershave"
        },
        {
          "name": "all perfumes",
          "label": "gift > gifts for her > all perfumes"
        },
        {
          "name": "all aftershave",
          "label": "men's > aftershave > all aftershave"
        }
      ],
      [
        {
          "name": "all aftershave",
          "label": "toiletries > men's toiletries > aftershave > all aftershave"
        },
        {
          "name": "all aftershave",
          "label": "men's > men's toiletries > aftershave > all aftershave"
        }
      ]
    ],
    "reviews": {
      "average": null,
      "count": null,
      "rounded": null
    },
    "parent": {
      "product": "2935600",
      "partNumber": "10340393.P",
      "model": "10340393",
      "manufacturerModel": "2331136"
    },
    "images": {
      "thumbnail": "https://boots.scene7.com/is/image/Boots/10340393?wid=45&hei=60&op_sharpen=1"
    },
    "offers": [],
    "actions": {},
    "iconUri": "https://boots.scene7.com/is/image/Boots/10340393?op_sharpen=1",
    "title": "Azzaro Chrome Eau de Toilette 100ml",
    "referenceUri": "/azzaro-chrome-eau-de-toilette-100ml-10340393",
    "canAddToBasket": "yes",
    "opticians": false,
    "inStock": true,
    "expressDelivery": false,
    "hasOtherPromotion": false,
    "channelPromotionalTextMap": {
      "-1": [],
      "-6": []
    },
    "adCardPoints": 210
  },
  {
    "_id": {
      "$oid": "65ec108d9884656b92f55963"
    },
    "ppuQuantity": "100ML",
    "pricing": {
      "perUnit": "£96.90 per 100ML",
      "regular": {
        "value": 114,
        "currency": "GBP",
        "text": "£114.00"
      },
      "current": {
        "value": 96.9,
        "currency": "GBP",
        "text": "£96.90"
      },
      "saving": {
        "value": 17.1,
        "currency": "GBP",
        "text": "£17.10"
      }
    },
    "objectId": "2930129",
    "brand": "Hermes",
    "attributes": {
      "StockOverrideMessage": "STOCK_COMING_SOON",
      "gender": "mens",
      "size": "71-100",
      "fragrance_type": "eau de parfum",
      "hasPriceAdvantageDeal": false,
      "ProductReviewFlag": "1"
    },
    "variants": {
      "colours": [],
      "hasColours": false,
      "hasSizes": false
    },
    "categories": [
      [
        {
          "name": "fragrance",
          "label": "fragrance"
        },
        {
          "name": "gift",
          "label": "gift"
        },
        {
          "name": "new in",
          "label": "new in"
        }
      ],
      [
        {
          "name": "perfume",
          "label": "fragrance > perfume"
        },
        {
          "name": "gifts for her",
          "label": "gift > gifts for her"
        },
        {
          "name": "new in fragrance",
          "label": "fragrance > new in fragrance"
        },
        {
          "name": "new in fragrance",
          "label": "new in > new in fragrance"
        }
      ],
      [
        {
          "name": "all perfumes",
          "label": "fragrance > perfume > all perfumes"
        },
        {
          "name": "perfume refill bottles",
          "label": "fragrance > perfume > perfume refill bottles"
        },
        {
          "name": "all perfumes",
          "label": "gift > gifts for her > all perfumes"
        }
      ]
    ],
    "reviews": {
      "average": null,
      "count": null,
      "rounded": null
    },
    "parent": {
      "product": "2930128",
      "partNumber": "10339819.P",
      "model": "10339819",
      "manufacturerModel": "2241722"
    },
    "images": {
      "thumbnail": "https://boots.scene7.com/is/image/Boots/10339819?wid=45&hei=60&op_sharpen=1"
    },
    "offers": [
      {
        "text": "Save up to 20 percent on selected fragrances"
      }
    ],
    "actions": {},
    "iconUri": "https://boots.scene7.com/is/image/Boots/10339819?op_sharpen=1",
    "title": "Hermes H24 Herbes Vives Eau de Parfum 100ml",
    "referenceUri": "/hermes-h24-herbes-vives-eau-de-parfum-100-ml-10339819",
    "canAddToBasket": "yes",
    "opticians": false,
    "inStock": true,
    "expressDelivery": false,
    "hasOtherPromotion": true,
    "channelPromotionalTextMap": {
      "-1": [
        "Save up to 20 percent on selected fragrances"
      ],
      "-6": [
        "Save up to 20 percent on selected fragrances"
      ]
    },
    "adCardPoints": 288
  },
  {
    "_id": {
      "$oid": "65ec108d9884656b92f55964"
    },
    "ppuQuantity": "100ML",
    "pricing": {
      "perUnit": "£68.00 per 100ML",
      "regular": {
        "value": 80,
        "currency": "GBP",
        "text": "£80.00"
      },
      "current": {
        "value": 68,
        "currency": "GBP",
        "text": "£68.00"
      },
      "saving": {
        "value": 12,
        "currency": "GBP",
        "text": "£12.00"
      }
    },
    "objectId": "2926199",
    "brand": "Clinique",
    "attributes": {
      "fragrance_scent": "citrus",
      "gender": "womens",
      "StockOverrideMessage": "STOCK_COMING_SOON",
      "pack_size": "71–100",
      "fragrance_type": "eau de parfum",
      "hasPriceAdvantageDeal": false,
      "ProductReviewFlag": "1"
    },
    "variants": {
      "colours": [],
      "hasColours": false,
      "hasSizes": false
    },
    "categories": [
      [
        {
          "name": "fragrance",
          "label": "fragrance"
        },
        {
          "name": "gift",
          "label": "gift"
        }
      ],
      [
        {
          "name": "perfume",
          "label": "fragrance > perfume"
        },
        {
          "name": "gifts for her",
          "label": "gift > gifts for her"
        }
      ],
      [
        {
          "name": "all perfumes",
          "label": "fragrance > perfume > all perfumes"
        },
        {
          "name": "floral perfume",
          "label": "fragrance > perfume > floral perfume"
        },
        {
          "name": "all perfumes",
          "label": "gift > gifts for her > all perfumes"
        }
      ]
    ],
    "reviews": {
      "average": null,
      "count": null,
      "rounded": null
    },
    "parent": {
      "product": "2926198",
      "partNumber": "10339369.P",
      "model": "10339369",
      "manufacturerModel": "2116227"
    },
    "images": {
      "thumbnail": "https://boots.scene7.com/is/image/Boots/10339369?wid=45&hei=60&op_sharpen=1"
    },
    "offers": [
      {
        "text": "Save up to 25 percent across selected Premium Beauty"
      }
    ],
    "actions": {},
    "iconUri": "https://boots.scene7.com/is/image/Boots/10339369?op_sharpen=1",
    "title": "Cinique Happy in Paradise™ Limited Edition Eau de Parfum Spray 100ml",
    "referenceUri": "/cinique-happy-in-paradise-limited-edition-eau-de-parfum-spray-100ml-10339369",
    "canAddToBasket": "yes",
    "opticians": false,
    "inStock": true,
    "expressDelivery": false,
    "hasOtherPromotion": true,
    "channelPromotionalTextMap": {
      "-1": [
        "Save up to 25 percent across selected Premium Beauty"
      ],
      "-6": [
        "Save up to 25 percent across selected Premium Beauty"
      ]
    },
    "adCardPoints": 204
  },
  {
    "_id": {
      "$oid": "65ec108d9884656b92f55965"
    },
    "ppuQuantity": "100ML",
    "pricing": {
      "perUnit": "£34.00 per 100ML",
      "regular": {
        "value": 34,
        "currency": "GBP",
        "text": "£34.00"
      },
      "current": {
        "value": 34,
        "currency": "GBP",
        "text": "£34.00"
      }
    },
    "objectId": "2868293",
    "brand": "Karl Lagerfeld",
    "attributes": {
      "fragrance_scent": "floral",
      "product_type": "body spray",
      "size": "71-100",
      "gender": "womens",
      "StockOverrideMessage": "STOCK_COMING_SOON",
      "format": "spray",
      "fragrance_type": "eau de parfum",
      "hasPriceAdvantageDeal": false,
      "ProductReviewFlag": "1"
    },
    "variants": {
      "colours": [],
      "hasColours": false,
      "hasSizes": false
    },
    "categories": [
      [
        {
          "name": "fragrance",
          "label": "fragrance"
        },
        {
          "name": "gift",
          "label": "gift"
        },
        {
          "name": "new in",
          "label": "new in"
        }
      ],
      [
        {
          "name": "perfume",
          "label": "fragrance > perfume"
        },
        {
          "name": "gifts for her",
          "label": "gift > gifts for her"
        },
        {
          "name": "new in fragrance",
          "label": "fragrance > new in fragrance"
        },
        {
          "name": "brands",
          "label": "fragrance > brands"
        },
        {
          "name": "new in fragrance",
          "label": "new in > new in fragrance"
        }
      ],
      [
        {
          "name": "all perfumes",
          "label": "fragrance > perfume > all perfumes"
        },
        {
          "name": "floral perfume",
          "label": "fragrance > perfume > floral perfume"
        },
        {
          "name": "all perfumes",
          "label": "gift > gifts for her > all perfumes"
        }
      ]
    ],
    "reviews": {
      "average": null,
      "count": null,
      "rounded": null
    },
    "parent": {
      "product": "2868292",
      "partNumber": "10332888.P",
      "model": "10332888",
      "manufacturerModel": "5758505"
    },
    "images": {
      "thumbnail": "https://boots.scene7.com/is/image/Boots/10332888?wid=45&hei=60&op_sharpen=1"
    },
    "offers": [],
    "actions": {},
    "iconUri": "https://boots.scene7.com/is/image/Boots/10332888?op_sharpen=1",
    "title": "Karl Lagerfeld Fleur de Pivoine Eau de Parfum 100ml",
    "referenceUri": "/karl-lagerfeld-fleur-de-pivoine-eau-de-parfum-100ml-10332888",
    "canAddToBasket": "yes",
    "opticians": false,
    "inStock": true,
    "expressDelivery": false,
    "hasOtherPromotion": false,
    "channelPromotionalTextMap": {
      "-1": [],
      "-6": []
    },
    "adCardPoints": 102
  },
  {
    "_id": {
      "$oid": "65ec108d9884656b92f55966"
    },
    "ppuQuantity": "90ML",
    "pricing": {
      "perUnit": "£97.78 per 100ML",
      "regular": {
        "value": 88,
        "currency": "GBP",
        "text": "£88.00"
      },
      "current": {
        "value": 88,
        "currency": "GBP",
        "text": "£88.00"
      }
    },
    "objectId": "2835736",
    "brand": "Issey Miyake",
    "attributes": {
      "fragrance_scent": [
        "sweet",
        "floral"
      ],
      "StockOverrideMessage": "STOCK_COMING_SOON",
      "size": "71-100",
      "gender": "womens",
      "fragrance_type": "eau de toilette",
      "hasPriceAdvantageDeal": false,
      "ProductReviewFlag": "1"
    },
    "variants": {
      "colours": [],
      "hasColours": false,
      "hasSizes": false
    },
    "categories": [
      [
        {
          "name": "fragrance",
          "label": "fragrance"
        },
        {
          "name": "gift",
          "label": "gift"
        }
      ],
      [
        {
          "name": "brands",
          "label": "fragrance > brands"
        },
        {
          "name": "perfume",
          "label": "fragrance > perfume"
        },
        {
          "name": "gifts for her",
          "label": "gift > gifts for her"
        }
      ],
      [
        {
          "name": "all perfumes",
          "label": "fragrance > perfume > all perfumes"
        },
        {
          "name": "floral perfume",
          "label": "fragrance > perfume > floral perfume"
        },
        {
          "name": "all perfumes",
          "label": "gift > gifts for her > all perfumes"
        }
      ]
    ],
    "reviews": {
      "average": null,
      "count": null,
      "rounded": null
    },
    "parent": {
      "product": "2835735",
      "partNumber": "10328213.P",
      "model": "10328213",
      "manufacturerModel": "5564042"
    },
    "images": {
      "thumbnail": "https://boots.scene7.com/is/image/Boots/10328213?wid=45&hei=60&op_sharpen=1"
    },
    "offers": [],
    "actions": {},
    "iconUri": "https://boots.scene7.com/is/image/Boots/10328213?op_sharpen=1",
    "title": "Issey Miyake L'Eau d'Issey Pure Petale De Nectar Eau de Toilette 90ml",
    "referenceUri": "/issey-miyake-leau-dissey-pure-petale-de-nectar-eau-de-toilette-90ml-10328213",
    "canAddToBasket": "yes",
    "opticians": false,
    "inStock": true,
    "expressDelivery": false,
    "hasOtherPromotion": false,
    "channelPromotionalTextMap": {
      "-1": [],
      "-6": []
    },
    "adCardPoints": 264
  },
  {
    "_id": {
      "$oid": "65ec108d9884656b92f55967"
    },
    "ppuQuantity": "50ML",
    "pricing": {
      "perUnit": "£150.00 per 100ML",
      "regular": {
        "value": 75,
        "currency": "GBP",
        "text": "£75.00"
      },
      "current": {
        "value": 75,
        "currency": "GBP",
        "text": "£75.00"
      }
    },
    "objectId": "2803607",
    "brand": "Elie Saab",
    "attributes": {
      "fragrance_scent": [
        "floral",
        "amber"
      ],
      "size": "41-50",
      "gender": "womens",
      "StockOverrideMessage": "STOCK_COMING_SOON",
      "fragrance_type": "eau de parfum",
      "hasPriceAdvantageDeal": false,
      "ProductReviewFlag": "1"
    },
    "variants": {
      "colours": [],
      "hasColours": false,
      "hasSizes": false
    },
    "categories": [
      [
        {
          "name": "fragrance",
          "label": "fragrance"
        },
        {
          "name": "gift",
          "label": "gift"
        }
      ],
      [
        {
          "name": "elixir fragrances",
          "label": "fragrance > elixir fragrances"
        },
        {
          "name": "perfume",
          "label": "fragrance > perfume"
        },
        {
          "name": "gifts for her",
          "label": "gift > gifts for her"
        },
        {
          "name": "brands",
          "label": "fragrance > brands"
        }
      ],
      [
        {
          "name": "all perfumes",
          "label": "fragrance > perfume > all perfumes"
        },
        {
          "name": "floral perfume",
          "label": "fragrance > perfume > floral perfume"
        },
        {
          "name": "amber perfume",
          "label": "fragrance > perfume > amber perfume"
        },
        {
          "name": "all perfumes",
          "label": "gift > gifts for her > all perfumes"
        }
      ]
    ],
    "reviews": {
      "average": null,
      "count": null,
      "rounded": null
    },
    "parent": {
      "product": "2803606",
      "partNumber": "10325369.P",
      "model": "10325369",
      "manufacturerModel": "5401917"
    },
    "images": {
      "thumbnail": "https://boots.scene7.com/is/image/Boots/10325369?wid=45&hei=60&op_sharpen=1"
    },
    "offers": [],
    "actions": {},
    "iconUri": "https://boots.scene7.com/is/image/Boots/10325369?op_sharpen=1",
    "title": "Elie Saab Elixir Eau de Parfum 50ml",
    "referenceUri": "/elie-saab-elixir-eau-de-parfum-50ml-10325369",
    "canAddToBasket": "yes",
    "opticians": false,
    "inStock": true,
    "expressDelivery": false,
    "hasOtherPromotion": false,
    "channelPromotionalTextMap": {
      "-1": [],
      "-6": []
    },
    "adCardPoints": 225
  },
  {
    "_id": {
      "$oid": "65ec108d9884656b92f55968"
    },
    "ppuQuantity": "100ML",
    "pricing": {
      "perUnit": "£16.00 per 100ML",
      "regular": {
        "value": 16,
        "currency": "GBP",
        "text": "£16.00"
      },
      "current": {
        "value": 16,
        "currency": "GBP",
        "text": "£16.00"
      }
    },
    "objectId": "2953680",
    "brand": "Ann Summers",
    "attributes": {
      "StockOverrideMessage": "STOCK_COMING_SOON",
      "size": "one size",
      "gender": "womens",
      "format": "spray",
      "hasPriceAdvantageDeal": false,
      "dropshipProduct": "1",
      "ProductReviewFlag": "1"
    },
    "variants": {
      "colours": [],
      "hasColours": false,
      "hasSizes": false
    },
    "categories": [
      [
        {
          "name": "fragrance",
          "label": "fragrance"
        },
        {
          "name": "health & pharmacy",
          "label": "health & pharmacy"
        },
        {
          "name": "gift",
          "label": "gift"
        },
        {
          "name": "wellness",
          "label": "wellness"
        },
        {
          "name": "new in",
          "label": "new in"
        }
      ],
      [
        {
          "name": "sexual pleasure & wellbeing",
          "label": "health & pharmacy > sexual pleasure & wellbeing"
        },
        {
          "name": "perfume",
          "label": "fragrance > perfume"
        },
        {
          "name": "gifts for her",
          "label": "gift > gifts for her"
        },
        {
          "name": "sexual pleasure & wellbeing",
          "label": "wellness > sexual pleasure & wellbeing"
        },
        {
          "name": "new in fragrance",
          "label": "fragrance > new in fragrance"
        },
        {
          "name": "new in fragrance",
          "label": "new in > new in fragrance"
        }
      ],
      [
        {
          "name": "shop all",
          "label": "health & pharmacy > sexual pleasure & wellbeing > shop all"
        },
        {
          "name": "all perfumes",
          "label": "fragrance > perfume > all perfumes"
        },
        {
          "name": "all perfumes",
          "label": "gift > gifts for her > all perfumes"
        },
        {
          "name": "shop all",
          "label": "wellness > sexual pleasure & wellbeing > shop all"
        }
      ]
    ],
    "reviews": {
      "average": null,
      "count": null,
      "rounded": null
    },
    "parent": {
      "product": "2953679",
      "partNumber": "10342246.P",
      "model": "10342246",
      "manufacturerModel": "2750325"
    },
    "images": {
      "thumbnail": "https://boots.scene7.com/is/image/Boots/10342246?wid=45&hei=60&op_sharpen=1"
    },
    "offers": [],
    "actions": {},
    "iconUri": "https://boots.scene7.com/is/image/Boots/10342246?op_sharpen=1",
    "title": "Ann Summers Eau de Parfum Ravishing 100ml",
    "referenceUri": "/ann-summers-eau-de-parfum-ravishing-100ml-10342246",
    "canAddToBasket": "no",
    "opticians": false,
    "inStock": true,
    "expressDelivery": false,
    "hasOtherPromotion": false,
    "channelPromotionalTextMap": {
      "-1": [],
      "-6": []
    },
    "adCardPoints": 48
  },
  {
    "_id": {
      "$oid": "65ec108d9884656b92f55969"
    },
    "ppuQuantity": "100ML",
    "pricing": {
      "perUnit": "£13.60 per 100ML",
      "regular": {
        "value": 16,
        "currency": "GBP",
        "text": "£16.00"
      },
      "current": {
        "value": 13.6,
        "currency": "GBP",
        "text": "£13.60"
      },
      "saving": {
        "value": 2.4,
        "currency": "GBP",
        "text": "£2.40"
      }
    },
    "objectId": "2953678",
    "brand": "Ann Summers",
    "attributes": {
      "gender": "womens",
      "size": "one size",
      "StockOverrideMessage": "STOCK_COMING_SOON",
      "format": "spray",
      "hasPriceAdvantageDeal": false,
      "dropshipProduct": "1",
      "ProductReviewFlag": "1"
    },
    "variants": {
      "colours": [],
      "hasColours": false,
      "hasSizes": false
    },
    "categories": [
      [
        {
          "name": "fragrance",
          "label": "fragrance"
        },
        {
          "name": "health & pharmacy",
          "label": "health & pharmacy"
        },
        {
          "name": "gift",
          "label": "gift"
        },
        {
          "name": "wellness",
          "label": "wellness"
        },
        {
          "name": "new in",
          "label": "new in"
        }
      ],
      [
        {
          "name": "sexual pleasure & wellbeing",
          "label": "health & pharmacy > sexual pleasure & wellbeing"
        },
        {
          "name": "perfume",
          "label": "fragrance > perfume"
        },
        {
          "name": "gifts for her",
          "label": "gift > gifts for her"
        },
        {
          "name": "sexual pleasure & wellbeing",
          "label": "wellness > sexual pleasure & wellbeing"
        },
        {
          "name": "new in fragrance",
          "label": "fragrance > new in fragrance"
        },
        {
          "name": "new in fragrance",
          "label": "new in > new in fragrance"
        }
      ],
      [
        {
          "name": "shop all",
          "label": "health & pharmacy > sexual pleasure & wellbeing > shop all"
        },
        {
          "name": "all perfumes",
          "label": "fragrance > perfume > all perfumes"
        },
        {
          "name": "all perfumes",
          "label": "gift > gifts for her > all perfumes"
        },
        {
          "name": "shop all",
          "label": "wellness > sexual pleasure & wellbeing > shop all"
        }
      ]
    ],
    "reviews": {
      "average": 3,
      "count": 1,
      "rounded": 3
    },
    "parent": {
      "product": "2953677",
      "partNumber": "10342247.P",
      "model": "10342247",
      "manufacturerModel": "2750368"
    },
    "images": {
      "thumbnail": "https://boots.scene7.com/is/image/Boots/10342247?wid=45&hei=60&op_sharpen=1"
    },
    "offers": [
      {
        "text": "Save up to 1/3 on selected Womens Health and Wellness - online only"
      }
    ],
    "actions": {},
    "iconUri": "https://boots.scene7.com/is/image/Boots/10342247?op_sharpen=1",
    "title": "Ann Summers Eau de Parfum Enigmatic 100ml",
    "referenceUri": "/ann-summers-eau-de-parfum-enigmatic-100ml-10342247",
    "canAddToBasket": "no",
    "opticians": false,
    "inStock": true,
    "expressDelivery": false,
    "hasOtherPromotion": true,
    "channelPromotionalTextMap": {
      "-1": [
        "Save up to 1/3 on selected Womens Health and Wellness - online only"
      ],
      "-6": [
        "Save up to 1/3 on selected Womens Health and Wellness - online only"
      ]
    },
    "adCardPoints": 39
  },
  {
    "_id": {
      "$oid": "65ec108d9884656b92f5596a"
    },
    "ppuQuantity": "100ML",
    "pricing": {
      "perUnit": "£16.00 per 100ML",
      "regular": {
        "value": 16,
        "currency": "GBP",
        "text": "£16.00"
      },
      "current": {
        "value": 16,
        "currency": "GBP",
        "text": "£16.00"
      }
    },
    "objectId": "2953676",
    "brand": "Ann Summers",
    "attributes": {
      "StockOverrideMessage": "STOCK_COMING_SOON",
      "gender": "womens",
      "size": "one size",
      "format": "spray",
      "hasPriceAdvantageDeal": false,
      "dropshipProduct": "1",
      "ProductReviewFlag": "1"
    },
    "variants": {
      "colours": [],
      "hasColours": false,
      "hasSizes": false
    },
    "categories": [
      [
        {
          "name": "fragrance",
          "label": "fragrance"
        },
        {
          "name": "health & pharmacy",
          "label": "health & pharmacy"
        },
        {
          "name": "gift",
          "label": "gift"
        },
        {
          "name": "wellness",
          "label": "wellness"
        },
        {
          "name": "new in",
          "label": "new in"
        }
      ],
      [
        {
          "name": "sexual pleasure & wellbeing",
          "label": "health & pharmacy > sexual pleasure & wellbeing"
        },
        {
          "name": "perfume",
          "label": "fragrance > perfume"
        },
        {
          "name": "gifts for her",
          "label": "gift > gifts for her"
        },
        {
          "name": "sexual pleasure & wellbeing",
          "label": "wellness > sexual pleasure & wellbeing"
        },
        {
          "name": "new in fragrance",
          "label": "fragrance > new in fragrance"
        },
        {
          "name": "new in fragrance",
          "label": "new in > new in fragrance"
        }
      ],
      [
        {
          "name": "shop all",
          "label": "health & pharmacy > sexual pleasure & wellbeing > shop all"
        },
        {
          "name": "all perfumes",
          "label": "fragrance > perfume > all perfumes"
        },
        {
          "name": "all perfumes",
          "label": "gift > gifts for her > all perfumes"
        },
        {
          "name": "shop all",
          "label": "wellness > sexual pleasure & wellbeing > shop all"
        }
      ]
    ],
    "reviews": {
      "average": null,
      "count": null,
      "rounded": null
    },
    "parent": {
      "product": "2953675",
      "partNumber": "10342244.P",
      "model": "10342244",
      "manufacturerModel": "2750309"
    },
    "images": {
      "thumbnail": "https://boots.scene7.com/is/image/Boots/10342244?wid=45&hei=60&op_sharpen=1"
    },
    "offers": [],
    "actions": {},
    "iconUri": "https://boots.scene7.com/is/image/Boots/10342244?op_sharpen=1",
    "title": "Ann Summers Eau de Parfum Aphrodisiac After Dark 100ml",
    "referenceUri": "/ann-summers-eau-de-parfum-aphrodisiac-after-dark-100ml-10342244",
    "canAddToBasket": "no",
    "opticians": false,
    "inStock": true,
    "expressDelivery": false,
    "hasOtherPromotion": false,
    "channelPromotionalTextMap": {
      "-1": [],
      "-6": []
    },
    "adCardPoints": 48
  },
  {
    "_id": {
      "$oid": "65ec108d9884656b92f5596b"
    },
    "ppuQuantity": "100ML",
    "pricing": {
      "perUnit": "£16.00 per 100ML",
      "regular": {
        "value": 16,
        "currency": "GBP",
        "text": "£16.00"
      },
      "current": {
        "value": 16,
        "currency": "GBP",
        "text": "£16.00"
      }
    },
    "objectId": "2953696",
    "brand": "Ann Summers",
    "attributes": {
      "StockOverrideMessage": "STOCK_COMING_SOON",
      "size": "one size",
      "gender": "womens",
      "format": "spray",
      "hasPriceAdvantageDeal": false,
      "dropshipProduct": "1",
      "ProductReviewFlag": "1"
    },
    "variants": {
      "colours": [],
      "hasColours": false,
      "hasSizes": false
    },
    "categories": [
      [
        {
          "name": "fragrance",
          "label": "fragrance"
        },
        {
          "name": "health & pharmacy",
          "label": "health & pharmacy"
        },
        {
          "name": "gift",
          "label": "gift"
        },
        {
          "name": "wellness",
          "label": "wellness"
        },
        {
          "name": "new in",
          "label": "new in"
        }
      ],
      [
        {
          "name": "sexual pleasure & wellbeing",
          "label": "health & pharmacy > sexual pleasure & wellbeing"
        },
        {
          "name": "perfume",
          "label": "fragrance > perfume"
        },
        {
          "name": "gifts for her",
          "label": "gift > gifts for her"
        },
        {
          "name": "sexual pleasure & wellbeing",
          "label": "wellness > sexual pleasure & wellbeing"
        },
        {
          "name": "new in fragrance",
          "label": "fragrance > new in fragrance"
        },
        {
          "name": "new in fragrance",
          "label": "new in > new in fragrance"
        }
      ],
      [
        {
          "name": "shop all",
          "label": "health & pharmacy > sexual pleasure & wellbeing > shop all"
        },
        {
          "name": "all perfumes",
          "label": "fragrance > perfume > all perfumes"
        },
        {
          "name": "all perfumes",
          "label": "gift > gifts for her > all perfumes"
        },
        {
          "name": "shop all",
          "label": "wellness > sexual pleasure & wellbeing > shop all"
        }
      ]
    ],
    "reviews": {
      "average": 5,
      "count": 1,
      "rounded": 5
    },
    "parent": {
      "product": "2953695",
      "partNumber": "10342245.P",
      "model": "10342245",
      "manufacturerModel": "2750317"
    },
    "images": {
      "thumbnail": "https://boots.scene7.com/is/image/Boots/10342245?wid=45&hei=60&op_sharpen=1"
    },
    "offers": [],
    "actions": {},
    "iconUri": "https://boots.scene7.com/is/image/Boots/10342245?op_sharpen=1",
    "title": "Ann Summers Eau de Parfum Intent 100ml",
    "referenceUri": "/ann-summers-eau-de-parfum-intent-100ml-10342245",
    "canAddToBasket": "no",
    "opticians": false,
    "inStock": true,
    "expressDelivery": false,
    "hasOtherPromotion": false,
    "channelPromotionalTextMap": {
      "-1": [],
      "-6": []
    },
    "adCardPoints": 48
  },
  {
    "_id": {
      "$oid": "65ec108d9884656b92f5596c"
    },
    "ppuQuantity": "100ML",
    "pricing": {
      "perUnit": "£16.00 per 100ML",
      "regular": {
        "value": 16,
        "currency": "GBP",
        "text": "£16.00"
      },
      "current": {
        "value": 16,
        "currency": "GBP",
        "text": "£16.00"
      }
    },
    "objectId": "2953674",
    "brand": "Ann Summers",
    "attributes": {
      "StockOverrideMessage": "STOCK_COMING_SOON",
      "size": "one size",
      "gender": "womens",
      "format": "spray",
      "hasPriceAdvantageDeal": false,
      "dropshipProduct": "1",
      "ProductReviewFlag": "1"
    },
    "variants": {
      "colours": [],
      "hasColours": false,
      "hasSizes": false
    },
    "categories": [
      [
        {
          "name": "fragrance",
          "label": "fragrance"
        },
        {
          "name": "health & pharmacy",
          "label": "health & pharmacy"
        },
        {
          "name": "gift",
          "label": "gift"
        },
        {
          "name": "wellness",
          "label": "wellness"
        },
        {
          "name": "new in",
          "label": "new in"
        }
      ],
      [
        {
          "name": "sexual pleasure & wellbeing",
          "label": "health & pharmacy > sexual pleasure & wellbeing"
        },
        {
          "name": "perfume",
          "label": "fragrance > perfume"
        },
        {
          "name": "gifts for her",
          "label": "gift > gifts for her"
        },
        {
          "name": "sexual pleasure & wellbeing",
          "label": "wellness > sexual pleasure & wellbeing"
        },
        {
          "name": "new in fragrance",
          "label": "fragrance > new in fragrance"
        },
        {
          "name": "new in fragrance",
          "label": "new in > new in fragrance"
        }
      ],
      [
        {
          "name": "shop all",
          "label": "health & pharmacy > sexual pleasure & wellbeing > shop all"
        },
        {
          "name": "all perfumes",
          "label": "fragrance > perfume > all perfumes"
        },
        {
          "name": "all perfumes",
          "label": "gift > gifts for her > all perfumes"
        },
        {
          "name": "shop all",
          "label": "wellness > sexual pleasure & wellbeing > shop all"
        }
      ]
    ],
    "reviews": {
      "average": 5,
      "count": 1,
      "rounded": 5
    },
    "parent": {
      "product": "2953673",
      "partNumber": "10342242.P",
      "model": "10342242",
      "manufacturerModel": "2750236"
    },
    "images": {
      "thumbnail": "https://boots.scene7.com/is/image/Boots/10342242?wid=45&hei=60&op_sharpen=1"
    },
    "offers": [],
    "actions": {},
    "iconUri": "https://boots.scene7.com/is/image/Boots/10342242?op_sharpen=1",
    "title": "Ann Summers Eau de Parfum Aurora Gold 100ml",
    "referenceUri": "/ann-summers-eau-de-parfum-aurora-gold-100ml-10342242",
    "canAddToBasket": "no",
    "opticians": false,
    "inStock": true,
    "expressDelivery": false,
    "hasOtherPromotion": false,
    "channelPromotionalTextMap": {
      "-1": [],
      "-6": []
    },
    "adCardPoints": 48
  },
  {
    "_id": {
      "$oid": "65ec108d9884656b92f5596d"
    },
    "ppuQuantity": "100ML",
    "pricing": {
      "perUnit": "£16.00 per 100ML",
      "regular": {
        "value": 16,
        "currency": "GBP",
        "text": "£16.00"
      },
      "current": {
        "value": 16,
        "currency": "GBP",
        "text": "£16.00"
      }
    },
    "objectId": "2953700",
    "brand": "Ann Summers",
    "attributes": {
      "size": "one size",
      "StockOverrideMessage": "STOCK_COMING_SOON",
      "gender": "womens",
      "format": "spray",
      "hasPriceAdvantageDeal": false,
      "dropshipProduct": "1",
      "ProductReviewFlag": "1"
    },
    "variants": {
      "colours": [],
      "hasColours": false,
      "hasSizes": false
    },
    "categories": [
      [
        {
          "name": "fragrance",
          "label": "fragrance"
        },
        {
          "name": "health & pharmacy",
          "label": "health & pharmacy"
        },
        {
          "name": "gift",
          "label": "gift"
        },
        {
          "name": "wellness",
          "label": "wellness"
        },
        {
          "name": "new in",
          "label": "new in"
        }
      ],
      [
        {
          "name": "sexual pleasure & wellbeing",
          "label": "health & pharmacy > sexual pleasure & wellbeing"
        },
        {
          "name": "perfume",
          "label": "fragrance > perfume"
        },
        {
          "name": "gifts for her",
          "label": "gift > gifts for her"
        },
        {
          "name": "sexual pleasure & wellbeing",
          "label": "wellness > sexual pleasure & wellbeing"
        },
        {
          "name": "new in fragrance",
          "label": "fragrance > new in fragrance"
        },
        {
          "name": "new in fragrance",
          "label": "new in > new in fragrance"
        }
      ],
      [
        {
          "name": "shop all",
          "label": "health & pharmacy > sexual pleasure & wellbeing > shop all"
        },
        {
          "name": "all perfumes",
          "label": "fragrance > perfume > all perfumes"
        },
        {
          "name": "all perfumes",
          "label": "gift > gifts for her > all perfumes"
        },
        {
          "name": "shop all",
          "label": "wellness > sexual pleasure & wellbeing > shop all"
        }
      ]
    ],
    "reviews": {
      "average": null,
      "count": null,
      "rounded": null
    },
    "parent": {
      "product": "2953699",
      "partNumber": "10342249.P",
      "model": "10342249",
      "manufacturerModel": "2750406"
    },
    "images": {
      "thumbnail": "https://boots.scene7.com/is/image/Boots/10342249?wid=45&hei=60&op_sharpen=1"
    },
    "offers": [],
    "actions": {},
    "iconUri": "https://boots.scene7.com/is/image/Boots/10342249?op_sharpen=1",
    "title": "Ann Summers Eau de Parfum Rose Bloom 100ml",
    "referenceUri": "/ann-summers-eau-de-parfum-rose-bloom-100ml-10342249",
    "canAddToBasket": "no",
    "opticians": false,
    "inStock": true,
    "expressDelivery": false,
    "hasOtherPromotion": false,
    "channelPromotionalTextMap": {
      "-1": [],
      "-6": []
    },
    "adCardPoints": 48
  },
  {
    "_id": {
      "$oid": "65ec108d9884656b92f5596e"
    },
    "ppuQuantity": "100ML",
    "pricing": {
      "perUnit": "£16.00 per 100ML",
      "regular": {
        "value": 16,
        "currency": "GBP",
        "text": "£16.00"
      },
      "current": {
        "value": 16,
        "currency": "GBP",
        "text": "£16.00"
      }
    },
    "objectId": "2953698",
    "brand": "Ann Summers",
    "attributes": {
      "gender": "womens",
      "size": "one size",
      "StockOverrideMessage": "STOCK_COMING_SOON",
      "format": "spray",
      "hasPriceAdvantageDeal": false,
      "dropshipProduct": "1",
      "ProductReviewFlag": "1"
    },
    "variants": {
      "colours": [],
      "hasColours": false,
      "hasSizes": false
    },
    "categories": [
      [
        {
          "name": "fragrance",
          "label": "fragrance"
        },
        {
          "name": "health & pharmacy",
          "label": "health & pharmacy"
        },
        {
          "name": "gift",
          "label": "gift"
        },
        {
          "name": "wellness",
          "label": "wellness"
        },
        {
          "name": "new in",
          "label": "new in"
        }
      ],
      [
        {
          "name": "sexual pleasure & wellbeing",
          "label": "health & pharmacy > sexual pleasure & wellbeing"
        },
        {
          "name": "perfume",
          "label": "fragrance > perfume"
        },
        {
          "name": "gifts for her",
          "label": "gift > gifts for her"
        },
        {
          "name": "sexual pleasure & wellbeing",
          "label": "wellness > sexual pleasure & wellbeing"
        },
        {
          "name": "new in fragrance",
          "label": "fragrance > new in fragrance"
        },
        {
          "name": "new in fragrance",
          "label": "new in > new in fragrance"
        }
      ],
      [
        {
          "name": "shop all",
          "label": "health & pharmacy > sexual pleasure & wellbeing > shop all"
        },
        {
          "name": "all perfumes",
          "label": "fragrance > perfume > all perfumes"
        },
        {
          "name": "all perfumes",
          "label": "gift > gifts for her > all perfumes"
        },
        {
          "name": "shop all",
          "label": "wellness > sexual pleasure & wellbeing > shop all"
        }
      ]
    ],
    "reviews": {
      "average": null,
      "count": null,
      "rounded": null
    },
    "parent": {
      "product": "2953697",
      "partNumber": "10342248.P",
      "model": "10342248",
      "manufacturerModel": "2750384"
    },
    "images": {
      "thumbnail": "https://boots.scene7.com/is/image/Boots/10342248?wid=45&hei=60&op_sharpen=1"
    },
    "offers": [],
    "actions": {},
    "iconUri": "https://boots.scene7.com/is/image/Boots/10342248?op_sharpen=1",
    "title": "Ann Summers Eau de Parfum Amber Glow 100ml",
    "referenceUri": "/ann-summers-eau-de-parfum-amber-glow-100ml-10342248",
    "canAddToBasket": "no",
    "opticians": false,
    "inStock": true,
    "expressDelivery": false,
    "hasOtherPromotion": false,
    "channelPromotionalTextMap": {
      "-1": [],
      "-6": []
    },
    "adCardPoints": 48
  },
  {
    "_id": {
      "$oid": "65ec108d9884656b92f5596f"
    },
    "ppuQuantity": "100ML",
    "pricing": {
      "perUnit": "£16.00 per 100ML",
      "regular": {
        "value": 16,
        "currency": "GBP",
        "text": "£16.00"
      },
      "current": {
        "value": 16,
        "currency": "GBP",
        "text": "£16.00"
      }
    },
    "objectId": "2953694",
    "brand": "Ann Summers",
    "attributes": {
      "size": "one size",
      "gender": "womens",
      "StockOverrideMessage": "STOCK_COMING_SOON",
      "format": "spray",
      "hasPriceAdvantageDeal": false,
      "dropshipProduct": "1",
      "ProductReviewFlag": "1"
    },
    "variants": {
      "colours": [],
      "hasColours": false,
      "hasSizes": false
    },
    "categories": [
      [
        {
          "name": "fragrance",
          "label": "fragrance"
        },
        {
          "name": "health & pharmacy",
          "label": "health & pharmacy"
        },
        {
          "name": "gift",
          "label": "gift"
        },
        {
          "name": "wellness",
          "label": "wellness"
        },
        {
          "name": "new in",
          "label": "new in"
        }
      ],
      [
        {
          "name": "sexual pleasure & wellbeing",
          "label": "health & pharmacy > sexual pleasure & wellbeing"
        },
        {
          "name": "perfume",
          "label": "fragrance > perfume"
        },
        {
          "name": "gifts for her",
          "label": "gift > gifts for her"
        },
        {
          "name": "sexual pleasure & wellbeing",
          "label": "wellness > sexual pleasure & wellbeing"
        },
        {
          "name": "new in fragrance",
          "label": "fragrance > new in fragrance"
        },
        {
          "name": "new in fragrance",
          "label": "new in > new in fragrance"
        }
      ],
      [
        {
          "name": "shop all",
          "label": "health & pharmacy > sexual pleasure & wellbeing > shop all"
        },
        {
          "name": "all perfumes",
          "label": "fragrance > perfume > all perfumes"
        },
        {
          "name": "all perfumes",
          "label": "gift > gifts for her > all perfumes"
        },
        {
          "name": "shop all",
          "label": "wellness > sexual pleasure & wellbeing > shop all"
        }
      ]
    ],
    "reviews": {
      "average": null,
      "count": null,
      "rounded": null
    },
    "parent": {
      "product": "2953693",
      "partNumber": "10342243.P",
      "model": "10342243",
      "manufacturerModel": "2750279"
    },
    "images": {
      "thumbnail": "https://boots.scene7.com/is/image/Boots/10342243?wid=45&hei=60&op_sharpen=1"
    },
    "offers": [],
    "actions": {},
    "iconUri": "https://boots.scene7.com/is/image/Boots/10342243?op_sharpen=1",
    "title": "Ann Summers Eau de Parfum Aphrodisiac 100ml",
    "referenceUri": "/ann-summers-eau-de-parfum-aphrodisiac-100ml-10342243",
    "canAddToBasket": "no",
    "opticians": false,
    "inStock": true,
    "expressDelivery": false,
    "hasOtherPromotion": false,
    "channelPromotionalTextMap": {
      "-1": [],
      "-6": []
    },
    "adCardPoints": 48
  },
  {
    "_id": {
      "$oid": "65ec108d9884656b92f55970"
    },
    "ppuQuantity": "30ML",
    "pricing": {
      "perUnit": "£43.33 per 100ML",
      "regular": {
        "value": 26,
        "currency": "GBP",
        "text": "£26.00"
      },
      "current": {
        "value": 13,
        "currency": "GBP",
        "text": "£13.00"
      },
      "saving": {
        "value": 13,
        "currency": "GBP",
        "text": "£13.00"
      }
    },
    "objectId": "2892681",
    "brand": "Christina Aguilera",
    "attributes": {
      "fragrance_scent": [
        "jasmine",
        "vanilla",
        "fruity",
        "musk",
        "amber"
      ],
      "gender": "womens",
      "size": "21-30",
      "StockOverrideMessage": "SOLD_OUT",
      "format": "spray",
      "fragrance_type": "eau de parfum",
      "hasPriceAdvantageDeal": false,
      "ProductReviewFlag": "1"
    },
    "variants": {
      "colours": [],
      "hasColours": false,
      "hasSizes": false
    },
    "categories": [
      [
        {
          "name": "fragrance",
          "label": "fragrance"
        },
        {
          "name": "gift",
          "label": "gift"
        }
      ],
      [
        {
          "name": "celebrity fragrance",
          "label": "fragrance > celebrity fragrance"
        },
        {
          "name": "perfume",
          "label": "fragrance > perfume"
        },
        {
          "name": "fragrance offers",
          "label": "fragrance > fragrance offers"
        },
        {
          "name": "gifts for her",
          "label": "gift > gifts for her"
        }
      ],
      [
        {
          "name": "all perfumes",
          "label": "fragrance > perfume > all perfumes"
        },
        {
          "name": "vanilla perfume",
          "label": "fragrance > perfume > vanilla perfume"
        },
        {
          "name": "musky perfume",
          "label": "fragrance > perfume > musky perfume"
        },
        {
          "name": "amber perfume",
          "label": "fragrance > perfume > amber perfume"
        },
        {
          "name": "everyday low prices",
          "label": "fragrance > fragrance offers > everyday low prices"
        },
        {
          "name": "all perfumes",
          "label": "gift > gifts for her > all perfumes"
        }
      ]
    ],
    "reviews": {
      "average": 4.78,
      "count": 18,
      "rounded": 4
    },
    "parent": {
      "product": "2892680",
      "partNumber": "10304696.P",
      "model": "10304696",
      "manufacturerModel": "5791677"
    },
    "images": {
      "thumbnail": "https://boots.scene7.com/is/image/Boots/10304696?wid=45&hei=60&op_sharpen=1"
    },
    "offers": [
      {
        "text": "Save up to 1/2 price on selected fragrances"
      }
    ],
    "actions": {},
    "iconUri": "https://boots.scene7.com/is/image/Boots/10304696?op_sharpen=1",
    "title": "Christina Aguilera Eau de Parfum 30ml",
    "referenceUri": "/christina-aguilera-eau-de-parfum-30ml-10304696",
    "canAddToBasket": "yes",
    "opticians": false,
    "inStock": true,
    "expressDelivery": false,
    "hasOtherPromotion": true,
    "channelPromotionalTextMap": {
      "-1": [
        "Save up to 1/2 price on selected fragrances"
      ],
      "-6": [
        "Save up to 1/2 price on selected fragrances"
      ]
    },
    "adCardPoints": 39
  },
  {
    "_id": {
      "$oid": "65ec108d9884656b92f55971"
    },
    "ppuQuantity": "50ML",
    "pricing": {
      "perUnit": "£35.00 per 100ML",
      "regular": {
        "value": 35,
        "currency": "GBP",
        "text": "£35.00"
      },
      "current": {
        "value": 17.5,
        "currency": "GBP",
        "text": "£17.50"
      },
      "saving": {
        "value": 17.5,
        "currency": "GBP",
        "text": "£17.50"
      }
    },
    "objectId": "48040",
    "brand": "Christina Aguilera",
    "attributes": {
      "fragrance_scent": "fruity",
      "hasPriceAdvantageDeal": false,
      "StockOverrideMessage": "STOCK_COMING_SOON",
      "ProductReviewFlag": "1"
    },
    "variants": {
      "colours": [],
      "hasColours": false,
      "hasSizes": false
    },
    "categories": [
      [
        {
          "name": "fragrance",
          "label": "fragrance"
        },
        {
          "name": "gift",
          "label": "gift"
        }
      ],
      [
        {
          "name": "5* rated perfumes & aftershaves",
          "label": "fragrance > 5* rated perfumes & aftershaves"
        },
        {
          "name": "perfume",
          "label": "fragrance > perfume"
        },
        {
          "name": "fragrance offers",
          "label": "fragrance > fragrance offers"
        },
        {
          "name": "gifts for her",
          "label": "gift > gifts for her"
        },
        {
          "name": "celebrity fragrance",
          "label": "fragrance > celebrity fragrance"
        }
      ],
      [
        {
          "name": "all perfumes",
          "label": "fragrance > perfume > all perfumes"
        },
        {
          "name": "everyday low prices",
          "label": "fragrance > fragrance offers > everyday low prices"
        },
        {
          "name": "all perfumes",
          "label": "gift > gifts for her > all perfumes"
        }
      ]
    ],
    "reviews": {
      "average": 4.67,
      "count": 30,
      "rounded": 4
    },
    "parent": {
      "product": "48039",
      "partNumber": "10295002.P",
      "model": "10295002",
      "manufacturerModel": "3196232"
    },
    "images": {
      "thumbnail": "https://boots.scene7.com/is/image/Boots/10295002?wid=45&hei=60&op_sharpen=1"
    },
    "offers": [
      {
        "text": "Save up to 1/2 price on selected fragrances"
      }
    ],
    "actions": {},
    "iconUri": "https://boots.scene7.com/is/image/Boots/10295002?op_sharpen=1",
    "title": "Christina Aguilera Eau de Parfum 50ml",
    "referenceUri": "/christina-aguilera-eau-de-parfum-50ml-10295002",
    "canAddToBasket": "yes",
    "opticians": false,
    "inStock": true,
    "expressDelivery": false,
    "hasOtherPromotion": true,
    "channelPromotionalTextMap": {
      "-1": [
        "Save up to 1/2 price on selected fragrances"
      ],
      "-6": [
        "Save up to 1/2 price on selected fragrances"
      ]
    },
    "adCardPoints": 51
  },
  {
    "_id": {
      "$oid": "65ec108d9884656b92f55972"
    },
    "ppuQuantity": "30ML",
    "pricing": {
      "perUnit": "£43.33 per 100ML",
      "regular": {
        "value": 26,
        "currency": "GBP",
        "text": "£26.00"
      },
      "current": {
        "value": 13,
        "currency": "GBP",
        "text": "£13.00"
      },
      "saving": {
        "value": 13,
        "currency": "GBP",
        "text": "£13.00"
      }
    },
    "objectId": "2871637",
    "brand": "Christina Aguilera",
    "attributes": {
      "fragrance_scent": [
        "floral",
        "amber",
        "musk"
      ],
      "product_type": "body spray",
      "size": "21-30",
      "gender": "womens",
      "StockOverrideMessage": "STOCK_COMING_SOON",
      "fragrance_type": "eau de parfum",
      "format": "spray",
      "hasPriceAdvantageDeal": false,
      "ProductReviewFlag": "1"
    },
    "variants": {
      "colours": [],
      "hasColours": false,
      "hasSizes": false
    },
    "categories": [
      [
        {
          "name": "fragrance",
          "label": "fragrance"
        },
        {
          "name": "gift",
          "label": "gift"
        },
        {
          "name": "new in",
          "label": "new in"
        }
      ],
      [
        {
          "name": "perfume",
          "label": "fragrance > perfume"
        },
        {
          "name": "fragrance offers",
          "label": "fragrance > fragrance offers"
        },
        {
          "name": "gifts for her",
          "label": "gift > gifts for her"
        },
        {
          "name": "celebrity fragrance",
          "label": "fragrance > celebrity fragrance"
        },
        {
          "name": "new in fragrance",
          "label": "fragrance > new in fragrance"
        },
        {
          "name": "brands",
          "label": "fragrance > brands"
        },
        {
          "name": "new in fragrance",
          "label": "new in > new in fragrance"
        }
      ],
      [
        {
          "name": "all perfumes",
          "label": "fragrance > perfume > all perfumes"
        },
        {
          "name": "musky perfume",
          "label": "fragrance > perfume > musky perfume"
        },
        {
          "name": "floral perfume",
          "label": "fragrance > perfume > floral perfume"
        },
        {
          "name": "amber perfume",
          "label": "fragrance > perfume > amber perfume"
        },
        {
          "name": "everyday low prices",
          "label": "fragrance > fragrance offers > everyday low prices"
        },
        {
          "name": "all perfumes",
          "label": "gift > gifts for her > all perfumes"
        }
      ]
    ],
    "reviews": {
      "average": 5,
      "count": 1,
      "rounded": 5
    },
    "parent": {
      "product": "2871636",
      "partNumber": "10333308.P",
      "model": "10333308",
      "manufacturerModel": "5767210"
    },
    "images": {
      "thumbnail": "https://boots.scene7.com/is/image/Boots/10333308?wid=45&hei=60&op_sharpen=1"
    },
    "offers": [
      {
        "text": "Save up to 1/2 price on selected fragrances"
      }
    ],
    "actions": {},
    "iconUri": "https://boots.scene7.com/is/image/Boots/10333308?op_sharpen=1",
    "title": "Christina Aguilera Moonlight Bloom Eau de Parfum 30ml",
    "referenceUri": "/christina-aguilera-moonlight-bloom-eau-de-parfum-30ml-10333308",
    "canAddToBasket": "yes",
    "opticians": false,
    "inStock": true,
    "expressDelivery": false,
    "hasOtherPromotion": true,
    "channelPromotionalTextMap": {
      "-1": [
        "Save up to 1/2 price on selected fragrances"
      ],
      "-6": [
        "Save up to 1/2 price on selected fragrances"
      ]
    },
    "adCardPoints": 39
  },
  {
    "_id": {
      "$oid": "65ec108d9884656b92f55973"
    },
    "ppuQuantity": "50ML",
    "pricing": {
      "perUnit": "£35.00 per 100ML",
      "regular": {
        "value": 35,
        "currency": "GBP",
        "text": "£35.00"
      },
      "current": {
        "value": 17.5,
        "currency": "GBP",
        "text": "£17.50"
      },
      "saving": {
        "value": 17.5,
        "currency": "GBP",
        "text": "£17.50"
      }
    },
    "objectId": "983703",
    "brand": "Christina Aguilera",
    "attributes": {
      "fragrance_scent": "fruity",
      "StockOverrideMessage": "SOLD_OUT",
      "Size": "50ml",
      "fragrance_type": "eau de parfum",
      "hasPriceAdvantageDeal": false,
      "Reporting_Category": "fragrance",
      "ProductReviewFlag": "1"
    },
    "variants": {
      "colours": [],
      "hasColours": false,
      "hasSizes": false
    },
    "categories": [
      [
        {
          "name": "fragrance",
          "label": "fragrance"
        },
        {
          "name": "gift",
          "label": "gift"
        }
      ],
      [
        {
          "name": "5* rated perfumes & aftershaves",
          "label": "fragrance > 5* rated perfumes & aftershaves"
        },
        {
          "name": "perfume",
          "label": "fragrance > perfume"
        },
        {
          "name": "fragrance offers",
          "label": "fragrance > fragrance offers"
        },
        {
          "name": "gifts for her",
          "label": "gift > gifts for her"
        },
        {
          "name": "celebrity fragrance",
          "label": "fragrance > celebrity fragrance"
        }
      ],
      [
        {
          "name": "all perfumes",
          "label": "fragrance > perfume > all perfumes"
        },
        {
          "name": "everyday low prices",
          "label": "fragrance > fragrance offers > everyday low prices"
        },
        {
          "name": "all perfumes",
          "label": "gift > gifts for her > all perfumes"
        }
      ]
    ],
    "reviews": {
      "average": 4.83,
      "count": 29,
      "rounded": 4
    },
    "parent": {
      "product": "983702",
      "partNumber": "10295003.P",
      "model": "10295003",
      "manufacturerModel": "5791685"
    },
    "images": {
      "thumbnail": "https://boots.scene7.com/is/image/Boots/10295003?wid=45&hei=60&op_sharpen=1"
    },
    "offers": [
      {
        "text": "Save up to 1/2 price on selected fragrances"
      }
    ],
    "actions": {},
    "iconUri": "https://boots.scene7.com/is/image/Boots/10295003?op_sharpen=1",
    "title": "CHRISTINA BY NIGHT Eau de Parfum 50ml",
    "referenceUri": "/christina-by-night-eau-de-parfum-50ml-10295003p",
    "canAddToBasket": "yes",
    "opticians": false,
    "inStock": true,
    "expressDelivery": false,
    "hasOtherPromotion": true,
    "channelPromotionalTextMap": {
      "-1": [
        "Save up to 1/2 price on selected fragrances"
      ],
      "-6": [
        "Save up to 1/2 price on selected fragrances"
      ]
    },
    "adCardPoints": 51
  },
  {
    "_id": {
      "$oid": "65ec108d9884656b92f55974"
    },
    "ppuQuantity": "200G",
    "pricing": {
      "perUnit": "£3.75 per 100G",
      "regular": {
        "value": 9.5,
        "currency": "GBP",
        "text": "£9.50"
      },
      "current": {
        "value": 7.5,
        "currency": "GBP",
        "text": "£7.50"
      },
      "saving": {
        "value": 2,
        "currency": "GBP",
        "text": "£2.00"
      }
    },
    "objectId": "2910620",
    "brand": "Yardley",
    "attributes": {
      "fragrance_scent": "floral",
      "suitable_for": "vegan",
      "product_type": "skincare",
      "StockOverrideMessage": "STOCK_COMING_SOON",
      "size": "151-200",
      "gender": "womens",
      "hasPriceAdvantageDeal": false,
      "key_features": "cruelty-free",
      "ProductReviewFlag": "1"
    },
    "variants": {
      "colours": [],
      "hasColours": false,
      "hasSizes": false
    },
    "categories": [
      [
        {
          "name": "fragrance",
          "label": "fragrance"
        },
        {
          "name": "gift",
          "label": "gift"
        },
        {
          "name": "new in",
          "label": "new in"
        }
      ],
      [
        {
          "name": "perfume",
          "label": "fragrance > perfume"
        },
        {
          "name": "gifts for her",
          "label": "gift > gifts for her"
        },
        {
          "name": "new in fragrance",
          "label": "fragrance > new in fragrance"
        },
        {
          "name": "new in fragrance",
          "label": "new in > new in fragrance"
        }
      ],
      [
        {
          "name": "scented bath & body",
          "label": "fragrance > perfume > scented bath & body"
        },
        {
          "name": "all perfumes",
          "label": "fragrance > perfume > all perfumes"
        },
        {
          "name": "all perfumes",
          "label": "gift > gifts for her > all perfumes"
        }
      ]
    ],
    "reviews": {
      "average": null,
      "count": null,
      "rounded": null
    },
    "parent": {
      "product": "2910619",
      "partNumber": "10337816.P",
      "model": "10337816",
      "manufacturerModel": "1621068"
    },
    "images": {
      "thumbnail": "https://boots.scene7.com/is/image/Boots/10337816?wid=45&hei=60&op_sharpen=1"
    },
    "offers": [
      {
        "text": "Save up to 1/2 price on selected fragrances"
      }
    ],
    "actions": {},
    "iconUri": "https://boots.scene7.com/is/image/Boots/10337816?op_sharpen=1",
    "title": "Yardley London English Lavender Perfumed Body Powder 200g",
    "referenceUri": "/yardley-london-english-lavender-perfumed-body-powder-200g-10337816",
    "canAddToBasket": "yes",
    "opticians": false,
    "inStock": true,
    "expressDelivery": false,
    "hasOtherPromotion": true,
    "channelPromotionalTextMap": {
      "-1": [
        "Save up to 1/2 price on selected fragrances"
      ],
      "-6": [
        "Save up to 1/2 price on selected fragrances"
      ]
    },
    "adCardPoints": 21
  },
  {
    "_id": {
      "$oid": "65ec108d9884656b92f55975"
    },
    "ppuQuantity": "125ML",
    "pricing": {
      "perUnit": "£9.60 per 100ML",
      "regular": {
        "value": 16.99,
        "currency": "GBP",
        "text": "£16.99"
      },
      "current": {
        "value": 12,
        "currency": "GBP",
        "text": "£12.00"
      },
      "saving": {
        "value": 4.99,
        "currency": "GBP",
        "text": "£4.99"
      }
    },
    "objectId": "1665628",
    "brand": "Yardley",
    "attributes": {
      "fragrance_scent": "floral",
      "StockOverrideMessage": "STOCK_COMING_SOON",
      "size": "101-150",
      "gender": "womens",
      "parentCategory_UK": "33046",
      "fragrance_type": "eau de toilette",
      "hasPriceAdvantageDeal": false,
      "Reporting_Category": "fragrance",
      "ProductReviewFlag": "1"
    },
    "variants": {
      "colours": [],
      "hasColours": false,
      "hasSizes": false
    },
    "categories": [
      [
        {
          "name": "vegan",
          "label": "vegan"
        },
        {
          "name": "fragrance",
          "label": "fragrance"
        },
        {
          "name": "gift",
          "label": "gift"
        },
        {
          "name": "wellness",
          "label": "wellness"
        }
      ],
      [
        {
          "name": "all vegan products",
          "label": "vegan > all vegan products"
        },
        {
          "name": "perfume",
          "label": "fragrance > perfume"
        },
        {
          "name": "fragrance offers",
          "label": "fragrance > fragrance offers"
        },
        {
          "name": "gifts for her",
          "label": "gift > gifts for her"
        },
        {
          "name": "vegan",
          "label": "wellness > vegan"
        },
        {
          "name": "all vegan products",
          "label": "wellness > all vegan products"
        }
      ],
      [
        {
          "name": "all perfumes",
          "label": "fragrance > perfume > all perfumes"
        },
        {
          "name": "floral perfume",
          "label": "fragrance > perfume > floral perfume"
        },
        {
          "name": "everyday low prices",
          "label": "fragrance > fragrance offers > everyday low prices"
        },
        {
          "name": "all perfumes",
          "label": "gift > gifts for her > all perfumes"
        },
        {
          "name": "all vegan products",
          "label": "wellness > vegan > all vegan products"
        }
      ]
    ],
    "reviews": {
      "average": 4.07,
      "count": 41,
      "rounded": 4
    },
    "parent": {
      "product": "1665627",
      "partNumber": "10192629.P",
      "model": "10192629",
      "manufacturerModel": "6229549"
    },
    "images": {
      "thumbnail": "https://boots.scene7.com/is/image/Boots/10192629?wid=45&hei=60&op_sharpen=1"
    },
    "offers": [
      {
        "text": "Save up to 1/2 price on selected fragrances"
      }
    ],
    "actions": {},
    "iconUri": "https://boots.scene7.com/is/image/Boots/10192629?op_sharpen=1",
    "title": "Yardley Lily of the Valley Eau de Toilette 125ml",
    "referenceUri": "/yardley-lily-of-the-valley-eau-de-toilette-125ml-10192629",
    "canAddToBasket": "yes",
    "opticians": false,
    "inStock": true,
    "expressDelivery": false,
    "hasOtherPromotion": true,
    "channelPromotionalTextMap": {
      "-1": [
        "Save up to 1/2 price on selected fragrances"
      ],
      "-6": [
        "Save up to 1/2 price on selected fragrances"
      ]
    },
    "adCardPoints": 36
  },
  {
    "_id": {
      "$oid": "65ec108d9884656b92f55976"
    },
    "ppuQuantity": "200G",
    "pricing": {
      "perUnit": "£3.75 per 100G",
      "regular": {
        "value": 9.5,
        "currency": "GBP",
        "text": "£9.50"
      },
      "current": {
        "value": 7.5,
        "currency": "GBP",
        "text": "£7.50"
      },
      "saving": {
        "value": 2,
        "currency": "GBP",
        "text": "£2.00"
      }
    },
    "objectId": "2910624",
    "brand": "Yardley",
    "attributes": {
      "fragrance_scent": "floral",
      "suitable_for": "vegan",
      "product_type": "skincare",
      "StockOverrideMessage": "STOCK_COMING_SOON",
      "size": "151-200",
      "gender": "womens",
      "hasPriceAdvantageDeal": false,
      "key_features": "cruelty-free",
      "ProductReviewFlag": "1"
    },
    "variants": {
      "colours": [],
      "hasColours": false,
      "hasSizes": false
    },
    "categories": [
      [
        {
          "name": "fragrance",
          "label": "fragrance"
        },
        {
          "name": "gift",
          "label": "gift"
        },
        {
          "name": "new in",
          "label": "new in"
        }
      ],
      [
        {
          "name": "perfume",
          "label": "fragrance > perfume"
        },
        {
          "name": "gifts for her",
          "label": "gift > gifts for her"
        },
        {
          "name": "new in fragrance",
          "label": "fragrance > new in fragrance"
        },
        {
          "name": "new in fragrance",
          "label": "new in > new in fragrance"
        }
      ],
      [
        {
          "name": "scented bath & body",
          "label": "fragrance > perfume > scented bath & body"
        },
        {
          "name": "all perfumes",
          "label": "fragrance > perfume > all perfumes"
        },
        {
          "name": "all perfumes",
          "label": "gift > gifts for her > all perfumes"
        }
      ]
    ],
    "reviews": {
      "average": null,
      "count": null,
      "rounded": null
    },
    "parent": {
      "product": "2910623",
      "partNumber": "10337818.P",
      "model": "10337818",
      "manufacturerModel": "1621157"
    },
    "images": {
      "thumbnail": "https://boots.scene7.com/is/image/Boots/10337818?wid=45&hei=60&op_sharpen=1"
    },
    "offers": [
      {
        "text": "Save up to 1/2 price on selected fragrances"
      }
    ],
    "actions": {},
    "iconUri": "https://boots.scene7.com/is/image/Boots/10337818?op_sharpen=1",
    "title": "Yardley London Lily of the Valley Perfumed Body Powder 200g",
    "referenceUri": "/yardley-london-lily-of-the-valley-perfumed-body-powder-200g-10337818",
    "canAddToBasket": "yes",
    "opticians": false,
    "inStock": true,
    "expressDelivery": false,
    "hasOtherPromotion": true,
    "channelPromotionalTextMap": {
      "-1": [
        "Save up to 1/2 price on selected fragrances"
      ],
      "-6": [
        "Save up to 1/2 price on selected fragrances"
      ]
    },
    "adCardPoints": 21
  },
  {
    "_id": {
      "$oid": "65ec108d9884656b92f55977"
    },
    "ppuQuantity": "200G",
    "pricing": {
      "perUnit": "£3.75 per 100G",
      "regular": {
        "value": 9.5,
        "currency": "GBP",
        "text": "£9.50"
      },
      "current": {
        "value": 7.5,
        "currency": "GBP",
        "text": "£7.50"
      },
      "saving": {
        "value": 2,
        "currency": "GBP",
        "text": "£2.00"
      }
    },
    "objectId": "2910622",
    "brand": "Yardley",
    "attributes": {
      "fragrance_scent": "floral",
      "suitable_for": "vegan",
      "product_type": "skincare",
      "StockOverrideMessage": "STOCK_COMING_SOON",
      "size": "151-200",
      "gender": "womens",
      "hasPriceAdvantageDeal": false,
      "key_features": "cruelty-free",
      "ProductReviewFlag": "1"
    },
    "variants": {
      "colours": [],
      "hasColours": false,
      "hasSizes": false
    },
    "categories": [
      [
        {
          "name": "fragrance",
          "label": "fragrance"
        },
        {
          "name": "gift",
          "label": "gift"
        },
        {
          "name": "new in",
          "label": "new in"
        }
      ],
      [
        {
          "name": "perfume",
          "label": "fragrance > perfume"
        },
        {
          "name": "gifts for her",
          "label": "gift > gifts for her"
        },
        {
          "name": "new in fragrance",
          "label": "fragrance > new in fragrance"
        },
        {
          "name": "new in fragrance",
          "label": "new in > new in fragrance"
        }
      ],
      [
        {
          "name": "scented bath & body",
          "label": "fragrance > perfume > scented bath & body"
        },
        {
          "name": "all perfumes",
          "label": "fragrance > perfume > all perfumes"
        },
        {
          "name": "all perfumes",
          "label": "gift > gifts for her > all perfumes"
        }
      ]
    ],
    "reviews": {
      "average": null,
      "count": null,
      "rounded": null
    },
    "parent": {
      "product": "2910621",
      "partNumber": "10337817.P",
      "model": "10337817",
      "manufacturerModel": "1621149"
    },
    "images": {
      "thumbnail": "https://boots.scene7.com/is/image/Boots/10337817?wid=45&hei=60&op_sharpen=1"
    },
    "offers": [
      {
        "text": "Save up to 1/2 price on selected fragrances"
      }
    ],
    "actions": {},
    "iconUri": "https://boots.scene7.com/is/image/Boots/10337817?op_sharpen=1",
    "title": "Yardley London Englsih Rose Perfumed Body Powder 200g",
    "referenceUri": "/yardley-london-englsih-rose-perfumed-body-powder-200g-10337817",
    "canAddToBasket": "yes",
    "opticians": false,
    "inStock": true,
    "expressDelivery": false,
    "hasOtherPromotion": true,
    "channelPromotionalTextMap": {
      "-1": [
        "Save up to 1/2 price on selected fragrances"
      ],
      "-6": [
        "Save up to 1/2 price on selected fragrances"
      ]
    },
    "adCardPoints": 21
  },
  {
    "_id": {
      "$oid": "65ec108d9884656b92f55978"
    },
    "ppuQuantity": "125ML",
    "pricing": {
      "perUnit": "£9.60 per 100ML",
      "regular": {
        "value": 16.99,
        "currency": "GBP",
        "text": "£16.99"
      },
      "current": {
        "value": 12,
        "currency": "GBP",
        "text": "£12.00"
      },
      "saving": {
        "value": 4.99,
        "currency": "GBP",
        "text": "£4.99"
      }
    },
    "objectId": "1661680",
    "brand": "Yardley",
    "attributes": {
      "fragrance_scent": "floral",
      "size": "101-150",
      "gender": "womens",
      "StockOverrideMessage": "STOCK_COMING_SOON",
      "parentCategory_UK": "33046",
      "fragrance_type": "eau de toilette",
      "hasPriceAdvantageDeal": false,
      "Reporting_Category": "fragrance",
      "ProductReviewFlag": "1"
    },
    "variants": {
      "colours": [],
      "hasColours": false,
      "hasSizes": false
    },
    "categories": [
      [
        {
          "name": "vegan",
          "label": "vegan"
        },
        {
          "name": "fragrance",
          "label": "fragrance"
        },
        {
          "name": "gift",
          "label": "gift"
        },
        {
          "name": "wellness",
          "label": "wellness"
        }
      ],
      [
        {
          "name": "all vegan products",
          "label": "vegan > all vegan products"
        },
        {
          "name": "perfume",
          "label": "fragrance > perfume"
        },
        {
          "name": "fragrance offers",
          "label": "fragrance > fragrance offers"
        },
        {
          "name": "gifts for her",
          "label": "gift > gifts for her"
        },
        {
          "name": "vegan",
          "label": "wellness > vegan"
        },
        {
          "name": "5* rated perfumes & aftershaves",
          "label": "fragrance > 5* rated perfumes & aftershaves"
        },
        {
          "name": "all vegan products",
          "label": "wellness > all vegan products"
        }
      ],
      [
        {
          "name": "all perfumes",
          "label": "fragrance > perfume > all perfumes"
        },
        {
          "name": "floral perfume",
          "label": "fragrance > perfume > floral perfume"
        },
        {
          "name": "everyday low prices",
          "label": "fragrance > fragrance offers > everyday low prices"
        },
        {
          "name": "all perfumes",
          "label": "gift > gifts for her > all perfumes"
        },
        {
          "name": "all vegan products",
          "label": "wellness > vegan > all vegan products"
        }
      ]
    ],
    "reviews": {
      "average": 4.53,
      "count": 51,
      "rounded": 4
    },
    "parent": {
      "product": "1661679",
      "partNumber": "10192301.P",
      "model": "10192301",
      "manufacturerModel": "6223699"
    },
    "images": {
      "thumbnail": "https://boots.scene7.com/is/image/Boots/10192301?wid=45&hei=60&op_sharpen=1"
    },
    "offers": [
      {
        "text": "Save up to 1/2 price on selected fragrances"
      }
    ],
    "actions": {},
    "iconUri": "https://boots.scene7.com/is/image/Boots/10192301?op_sharpen=1",
    "title": "Yardley English Rose Eau de Toilette 125ml",
    "referenceUri": "/yardley-english-rose-eau-de-toilette-125ml-10192301",
    "canAddToBasket": "yes",
    "opticians": false,
    "inStock": true,
    "expressDelivery": false,
    "hasOtherPromotion": true,
    "channelPromotionalTextMap": {
      "-1": [
        "Save up to 1/2 price on selected fragrances"
      ],
      "-6": [
        "Save up to 1/2 price on selected fragrances"
      ]
    },
    "adCardPoints": 36
  },
  {
    "_id": {
      "$oid": "65ec108d9884656b92f55979"
    },
    "ppuQuantity": "125ML",
    "pricing": {
      "perUnit": "£9.60 per 100ML",
      "regular": {
        "value": 16.99,
        "currency": "GBP",
        "text": "£16.99"
      },
      "current": {
        "value": 12,
        "currency": "GBP",
        "text": "£12.00"
      },
      "saving": {
        "value": 4.99,
        "currency": "GBP",
        "text": "£4.99"
      }
    },
    "objectId": "2368089",
    "brand": "Yardley",
    "attributes": {
      "fragrance_scent": [
        "floral",
        "musk",
        "amber",
        "citrus"
      ],
      "suitable_for": "vegan",
      "size": "101-150",
      "gender": "womens",
      "StockOverrideMessage": "STOCK_COMING_SOON",
      "fragrance_type": "eau de toilette",
      "format": "spray",
      "hasPriceAdvantageDeal": false,
      "ProductReviewFlag": "1"
    },
    "variants": {
      "colours": [],
      "hasColours": false,
      "hasSizes": false
    },
    "categories": [
      [
        {
          "name": "vegan",
          "label": "vegan"
        },
        {
          "name": "fragrance",
          "label": "fragrance"
        },
        {
          "name": "gift",
          "label": "gift"
        },
        {
          "name": "wellness",
          "label": "wellness"
        },
        {
          "name": "beauty & skincare",
          "label": "beauty & skincare"
        }
      ],
      [
        {
          "name": "vegan fragrance",
          "label": "vegan > vegan fragrance"
        },
        {
          "name": "perfume",
          "label": "fragrance > perfume"
        },
        {
          "name": "fragrance offers",
          "label": "fragrance > fragrance offers"
        },
        {
          "name": "gifts for her",
          "label": "gift > gifts for her"
        },
        {
          "name": "vegan",
          "label": "wellness > vegan"
        },
        {
          "name": "vegan beauty",
          "label": "beauty & skincare > vegan beauty"
        },
        {
          "name": "vegan fragrance",
          "label": "fragrance > vegan fragrance"
        },
        {
          "name": "all vegan products",
          "label": "wellness > all vegan products"
        },
        {
          "name": "vegan beauty",
          "label": "vegan > vegan beauty"
        },
        {
          "name": "all vegan products",
          "label": "vegan > all vegan products"
        }
      ],
      [
        {
          "name": "all perfumes",
          "label": "fragrance > perfume > all perfumes"
        },
        {
          "name": "musky perfume",
          "label": "fragrance > perfume > musky perfume"
        },
        {
          "name": "floral perfume",
          "label": "fragrance > perfume > floral perfume"
        },
        {
          "name": "amber perfume",
          "label": "fragrance > perfume > amber perfume"
        },
        {
          "name": "everyday low prices",
          "label": "fragrance > fragrance offers > everyday low prices"
        },
        {
          "name": "all perfumes",
          "label": "gift > gifts for her > all perfumes"
        },
        {
          "name": "vegan beauty",
          "label": "wellness > vegan > vegan beauty"
        },
        {
          "name": "all vegan products",
          "label": "wellness > vegan > all vegan products"
        },
        {
          "name": "vegan fragrance",
          "label": "wellness > vegan > vegan fragrance"
        }
      ]
    ],
    "reviews": {
      "average": 4.41,
      "count": 32,
      "rounded": 4
    },
    "parent": {
      "product": "2368088",
      "partNumber": "10277082.P",
      "model": "10277082",
      "manufacturerModel": "8796939"
    },
    "images": {
      "thumbnail": "https://boots.scene7.com/is/image/Boots/10277082?wid=45&hei=60&op_sharpen=1"
    },
    "offers": [
      {
        "text": "Save up to 1/2 price on selected fragrances"
      }
    ],
    "actions": {},
    "iconUri": "https://boots.scene7.com/is/image/Boots/10277082?op_sharpen=1",
    "title": "Yardley Blossom & Peach EDT 125ml",
    "referenceUri": "/yardley-perfume-edt-10277082",
    "canAddToBasket": "yes",
    "opticians": false,
    "inStock": true,
    "expressDelivery": false,
    "hasOtherPromotion": true,
    "channelPromotionalTextMap": {
      "-1": [
        "Save up to 1/2 price on selected fragrances"
      ],
      "-6": [
        "Save up to 1/2 price on selected fragrances"
      ]
    },
    "adCardPoints": 36
  },
  {
    "_id": {
      "$oid": "65ec108d9884656b92f5597a"
    },
    "ppuQuantity": "125ML",
    "pricing": {
      "perUnit": "£9.60 per 100ML",
      "regular": {
        "value": 16.99,
        "currency": "GBP",
        "text": "£16.99"
      },
      "current": {
        "value": 12,
        "currency": "GBP",
        "text": "£12.00"
      },
      "saving": {
        "value": 4.99,
        "currency": "GBP",
        "text": "£4.99"
      }
    },
    "objectId": "1661664",
    "brand": "Yardley",
    "attributes": {
      "fragrance_scent": "floral",
      "size": "101-150",
      "StockOverrideMessage": "SOLD_OUT",
      "gender": "womens",
      "parentCategory_UK": "33046",
      "fragrance_type": "eau de toilette",
      "hasPriceAdvantageDeal": false,
      "Reporting_Category": "fragrance",
      "ProductReviewFlag": "1"
    },
    "variants": {
      "colours": [],
      "hasColours": false,
      "hasSizes": false
    },
    "categories": [
      [
        {
          "name": "vegan",
          "label": "vegan"
        },
        {
          "name": "fragrance",
          "label": "fragrance"
        },
        {
          "name": "gift",
          "label": "gift"
        },
        {
          "name": "wellness",
          "label": "wellness"
        }
      ],
      [
        {
          "name": "all vegan products",
          "label": "vegan > all vegan products"
        },
        {
          "name": "perfume",
          "label": "fragrance > perfume"
        },
        {
          "name": "fragrance offers",
          "label": "fragrance > fragrance offers"
        },
        {
          "name": "gifts for her",
          "label": "gift > gifts for her"
        },
        {
          "name": "vegan",
          "label": "wellness > vegan"
        },
        {
          "name": "all vegan products",
          "label": "wellness > all vegan products"
        }
      ],
      [
        {
          "name": "all perfumes",
          "label": "fragrance > perfume > all perfumes"
        },
        {
          "name": "floral perfume",
          "label": "fragrance > perfume > floral perfume"
        },
        {
          "name": "everyday low prices",
          "label": "fragrance > fragrance offers > everyday low prices"
        },
        {
          "name": "save up to 20% on fragrance",
          "label": "fragrance > fragrance offers > save up to 20% on fragrance"
        },
        {
          "name": "all perfumes",
          "label": "gift > gifts for her > all perfumes"
        },
        {
          "name": "all vegan products",
          "label": "wellness > vegan > all vegan products"
        }
      ]
    ],
    "reviews": {
      "average": 4.02,
      "count": 46,
      "rounded": 4
    },
    "parent": {
      "product": "1661663",
      "partNumber": "10192293.P",
      "model": "10192293",
      "manufacturerModel": "6223591"
    },
    "images": {
      "thumbnail": "https://boots.scene7.com/is/image/Boots/10192293?wid=45&hei=60&op_sharpen=1"
    },
    "offers": [
      {
        "text": "Save up to 1/2 price on selected fragrances"
      }
    ],
    "actions": {},
    "iconUri": "https://boots.scene7.com/is/image/Boots/10192293?op_sharpen=1",
    "title": "Yardley English Lavender Eau de Toilette 125ml",
    "referenceUri": "/yardley-english-lavender-eau-de-toilette-125ml-10192293",
    "canAddToBasket": "yes",
    "opticians": false,
    "inStock": true,
    "expressDelivery": false,
    "hasOtherPromotion": true,
    "channelPromotionalTextMap": {
      "-1": [
        "Save up to 1/2 price on selected fragrances"
      ],
      "-6": [
        "Save up to 1/2 price on selected fragrances"
      ]
    },
    "adCardPoints": 36
  },
  {
    "_id": {
      "$oid": "65ec108d9884656b92f5597b"
    },
    "ppuQuantity": "125ML",
    "pricing": {
      "perUnit": "£9.60 per 100ML",
      "regular": {
        "value": 16.99,
        "currency": "GBP",
        "text": "£16.99"
      },
      "current": {
        "value": 12,
        "currency": "GBP",
        "text": "£12.00"
      },
      "saving": {
        "value": 4.99,
        "currency": "GBP",
        "text": "£4.99"
      }
    },
    "objectId": "2812641",
    "brand": "Yardley",
    "attributes": {
      "hasPriceAdvantageDeal": false,
      "product_type": "perfume",
      "size": "101-150",
      "StockOverrideMessage": "STOCK_COMING_SOON",
      "ProductReviewFlag": "1"
    },
    "variants": {
      "colours": [],
      "hasColours": false,
      "hasSizes": false
    },
    "categories": [
      [
        {
          "name": "vegan",
          "label": "vegan"
        },
        {
          "name": "fragrance",
          "label": "fragrance"
        },
        {
          "name": "gift",
          "label": "gift"
        },
        {
          "name": "wellness",
          "label": "wellness"
        },
        {
          "name": "new in",
          "label": "new in"
        }
      ],
      [
        {
          "name": "all vegan products",
          "label": "vegan > all vegan products"
        },
        {
          "name": "perfume",
          "label": "fragrance > perfume"
        },
        {
          "name": "fragrance offers",
          "label": "fragrance > fragrance offers"
        },
        {
          "name": "gifts for her",
          "label": "gift > gifts for her"
        },
        {
          "name": "vegan",
          "label": "wellness > vegan"
        },
        {
          "name": "new in fragrance",
          "label": "fragrance > new in fragrance"
        },
        {
          "name": "all vegan products",
          "label": "wellness > all vegan products"
        },
        {
          "name": "new in fragrance",
          "label": "new in > new in fragrance"
        }
      ],
      [
        {
          "name": "all perfumes",
          "label": "fragrance > perfume > all perfumes"
        },
        {
          "name": "floral perfume",
          "label": "fragrance > perfume > floral perfume"
        },
        {
          "name": "everyday low prices",
          "label": "fragrance > fragrance offers > everyday low prices"
        },
        {
          "name": "all perfumes",
          "label": "gift > gifts for her > all perfumes"
        },
        {
          "name": "all vegan products",
          "label": "wellness > vegan > all vegan products"
        }
      ]
    ],
    "reviews": {
      "average": 4.36,
      "count": 28,
      "rounded": 4
    },
    "parent": {
      "product": "2812640",
      "partNumber": "10326251.P",
      "model": "10326251",
      "manufacturerModel": "5435250"
    },
    "images": {
      "thumbnail": "https://boots.scene7.com/is/image/Boots/10326251?wid=45&hei=60&op_sharpen=1"
    },
    "offers": [
      {
        "text": "Save up to 1/2 price on selected fragrances"
      }
    ],
    "actions": {},
    "iconUri": "https://boots.scene7.com/is/image/Boots/10326251?op_sharpen=1",
    "title": "Yardley Gardenia & Cassis Eau de Parfum 125ml",
    "referenceUri": "/yardley-gardenia-cassis-eau-de-parfum-125ml-10326251",
    "canAddToBasket": "yes",
    "opticians": false,
    "inStock": true,
    "expressDelivery": false,
    "hasOtherPromotion": true,
    "channelPromotionalTextMap": {
      "-1": [
        "Save up to 1/2 price on selected fragrances"
      ],
      "-6": [
        "Save up to 1/2 price on selected fragrances"
      ]
    },
    "adCardPoints": 36
  },
  {
    "_id": {
      "$oid": "65ec108d9884656b92f5597c"
    },
    "ppuQuantity": "125ML",
    "pricing": {
      "perUnit": "£9.60 per 100ML",
      "regular": {
        "value": 16.99,
        "currency": "GBP",
        "text": "£16.99"
      },
      "current": {
        "value": 12,
        "currency": "GBP",
        "text": "£12.00"
      },
      "saving": {
        "value": 4.99,
        "currency": "GBP",
        "text": "£4.99"
      }
    },
    "objectId": "2368073",
    "brand": "Yardley",
    "attributes": {
      "fragrance_scent": [
        "floral",
        "musk",
        "vanilla",
        "citrus"
      ],
      "suitable_for": "vegan",
      "StockOverrideMessage": "STOCK_COMING_SOON",
      "size": "101-150",
      "gender": "womens",
      "fragrance_type": "eau de toilette",
      "format": "spray",
      "hasPriceAdvantageDeal": false,
      "ProductReviewFlag": "1"
    },
    "variants": {
      "colours": [],
      "hasColours": false,
      "hasSizes": false
    },
    "categories": [
      [
        {
          "name": "vegan",
          "label": "vegan"
        },
        {
          "name": "fragrance",
          "label": "fragrance"
        },
        {
          "name": "gift",
          "label": "gift"
        },
        {
          "name": "wellness",
          "label": "wellness"
        },
        {
          "name": "beauty & skincare",
          "label": "beauty & skincare"
        }
      ],
      [
        {
          "name": "vegan fragrance",
          "label": "vegan > vegan fragrance"
        },
        {
          "name": "perfume",
          "label": "fragrance > perfume"
        },
        {
          "name": "fragrance offers",
          "label": "fragrance > fragrance offers"
        },
        {
          "name": "gifts for her",
          "label": "gift > gifts for her"
        },
        {
          "name": "vegan",
          "label": "wellness > vegan"
        },
        {
          "name": "vegan beauty",
          "label": "beauty & skincare > vegan beauty"
        },
        {
          "name": "5* rated perfumes & aftershaves",
          "label": "fragrance > 5* rated perfumes & aftershaves"
        },
        {
          "name": "vegan fragrance",
          "label": "fragrance > vegan fragrance"
        },
        {
          "name": "all vegan products",
          "label": "wellness > all vegan products"
        },
        {
          "name": "vegan beauty",
          "label": "vegan > vegan beauty"
        },
        {
          "name": "all vegan products",
          "label": "vegan > all vegan products"
        }
      ],
      [
        {
          "name": "all perfumes",
          "label": "fragrance > perfume > all perfumes"
        },
        {
          "name": "vanilla perfume",
          "label": "fragrance > perfume > vanilla perfume"
        },
        {
          "name": "musky perfume",
          "label": "fragrance > perfume > musky perfume"
        },
        {
          "name": "floral perfume",
          "label": "fragrance > perfume > floral perfume"
        },
        {
          "name": "everyday low prices",
          "label": "fragrance > fragrance offers > everyday low prices"
        },
        {
          "name": "all perfumes",
          "label": "gift > gifts for her > all perfumes"
        },
        {
          "name": "vegan beauty",
          "label": "wellness > vegan > vegan beauty"
        },
        {
          "name": "all vegan products",
          "label": "wellness > vegan > all vegan products"
        },
        {
          "name": "vegan fragrance",
          "label": "wellness > vegan > vegan fragrance"
        }
      ]
    ],
    "reviews": {
      "average": 4.58,
      "count": 36,
      "rounded": 4
    },
    "parent": {
      "product": "2368072",
      "partNumber": "10277074.P",
      "model": "10277074",
      "manufacturerModel": "8796831"
    },
    "images": {
      "thumbnail": "https://boots.scene7.com/is/image/Boots/10277074?wid=45&hei=60&op_sharpen=1"
    },
    "offers": [
      {
        "text": "Save up to 1/2 price on selected fragrances"
      }
    ],
    "actions": {},
    "iconUri": "https://boots.scene7.com/is/image/Boots/10277074?op_sharpen=1",
    "title": "Yardley Bluebell & Sweetpea EDT 125ml",
    "referenceUri": "/yardley-perfume-edt-10277074",
    "canAddToBasket": "yes",
    "opticians": false,
    "inStock": true,
    "expressDelivery": false,
    "hasOtherPromotion": true,
    "channelPromotionalTextMap": {
      "-1": [
        "Save up to 1/2 price on selected fragrances"
      ],
      "-6": [
        "Save up to 1/2 price on selected fragrances"
      ]
    },
    "adCardPoints": 36
  },
  {
    "_id": {
      "$oid": "65ec108d9884656b92f5597d"
    },
    "ppuQuantity": "50ML",
    "pricing": {
      "perUnit": "£40.00 per 100ML",
      "regular": {
        "value": 25,
        "currency": "GBP",
        "text": "£25.00"
      },
      "current": {
        "value": 20,
        "currency": "GBP",
        "text": "£20.00"
      },
      "saving": {
        "value": 5,
        "currency": "GBP",
        "text": "£5.00"
      }
    },
    "objectId": "2368097",
    "brand": "Yardley",
    "attributes": {
      "fragrance_scent": [
        "musk",
        "amber"
      ],
      "suitable_for": "vegan",
      "size": "41-50",
      "gender": "womens",
      "StockOverrideMessage": "STOCK_COMING_SOON",
      "fragrance_type": "eau de toilette",
      "format": "spray",
      "hasPriceAdvantageDeal": false,
      "ProductReviewFlag": "1"
    },
    "variants": {
      "colours": [],
      "hasColours": false,
      "hasSizes": false
    },
    "categories": [
      [
        {
          "name": "vegan",
          "label": "vegan"
        },
        {
          "name": "fragrance",
          "label": "fragrance"
        },
        {
          "name": "gift",
          "label": "gift"
        },
        {
          "name": "wellness",
          "label": "wellness"
        },
        {
          "name": "beauty & skincare",
          "label": "beauty & skincare"
        }
      ],
      [
        {
          "name": "vegan fragrance",
          "label": "vegan > vegan fragrance"
        },
        {
          "name": "perfume",
          "label": "fragrance > perfume"
        },
        {
          "name": "fragrance offers",
          "label": "fragrance > fragrance offers"
        },
        {
          "name": "gifts for her",
          "label": "gift > gifts for her"
        },
        {
          "name": "vegan",
          "label": "wellness > vegan"
        },
        {
          "name": "vegan beauty",
          "label": "beauty & skincare > vegan beauty"
        },
        {
          "name": "vegan fragrance",
          "label": "fragrance > vegan fragrance"
        },
        {
          "name": "all vegan products",
          "label": "wellness > all vegan products"
        },
        {
          "name": "vegan beauty",
          "label": "vegan > vegan beauty"
        },
        {
          "name": "all vegan products",
          "label": "vegan > all vegan products"
        }
      ],
      [
        {
          "name": "all perfumes",
          "label": "fragrance > perfume > all perfumes"
        },
        {
          "name": "musky perfume",
          "label": "fragrance > perfume > musky perfume"
        },
        {
          "name": "amber perfume",
          "label": "fragrance > perfume > amber perfume"
        },
        {
          "name": "everyday low prices",
          "label": "fragrance > fragrance offers > everyday low prices"
        },
        {
          "name": "all perfumes",
          "label": "gift > gifts for her > all perfumes"
        },
        {
          "name": "vegan beauty",
          "label": "wellness > vegan > vegan beauty"
        },
        {
          "name": "all vegan products",
          "label": "wellness > vegan > all vegan products"
        },
        {
          "name": "vegan fragrance",
          "label": "wellness > vegan > vegan fragrance"
        }
      ]
    ],
    "reviews": {
      "average": 4.31,
      "count": 32,
      "rounded": 4
    },
    "parent": {
      "product": "2368096",
      "partNumber": "10277086.P",
      "model": "10277086",
      "manufacturerModel": "8796971"
    },
    "images": {
      "thumbnail": "https://boots.scene7.com/is/image/Boots/10277086?wid=45&hei=60&op_sharpen=1"
    },
    "offers": [
      {
        "text": "Save up to 1/2 price on selected fragrances"
      }
    ],
    "actions": {},
    "iconUri": "https://boots.scene7.com/is/image/Boots/10277086?op_sharpen=1",
    "title": "Yardley Opulent Rose EDT 50ml",
    "referenceUri": "/yardley-perfume-edt-10277086",
    "canAddToBasket": "yes",
    "opticians": false,
    "inStock": true,
    "expressDelivery": false,
    "hasOtherPromotion": true,
    "channelPromotionalTextMap": {
      "-1": [
        "Save up to 1/2 price on selected fragrances"
      ],
      "-6": [
        "Save up to 1/2 price on selected fragrances"
      ]
    },
    "adCardPoints": 60
  },
  {
    "_id": {
      "$oid": "65ec108d9884656b92f5597e"
    },
    "ppuQuantity": "50ML",
    "pricing": {
      "perUnit": "£40.00 per 100ML",
      "regular": {
        "value": 25,
        "currency": "GBP",
        "text": "£25.00"
      },
      "current": {
        "value": 20,
        "currency": "GBP",
        "text": "£20.00"
      },
      "saving": {
        "value": 5,
        "currency": "GBP",
        "text": "£5.00"
      }
    },
    "objectId": "2250114",
    "brand": "Yardley",
    "attributes": {
      "fragrance_scent": "floral",
      "gender": "womens",
      "size": "41-50",
      "StockOverrideMessage": "STOCK_COMING_SOON",
      "fragrance_type": "eau de toilette",
      "hasPriceAdvantageDeal": false,
      "Reporting_Category": "fragrance",
      "ProductReviewFlag": "1"
    },
    "variants": {
      "colours": [],
      "hasColours": false,
      "hasSizes": false
    },
    "categories": [
      [
        {
          "name": "vegan",
          "label": "vegan"
        },
        {
          "name": "fragrance",
          "label": "fragrance"
        },
        {
          "name": "gift",
          "label": "gift"
        },
        {
          "name": "wellness",
          "label": "wellness"
        }
      ],
      [
        {
          "name": "all vegan products",
          "label": "vegan > all vegan products"
        },
        {
          "name": "perfume",
          "label": "fragrance > perfume"
        },
        {
          "name": "fragrance offers",
          "label": "fragrance > fragrance offers"
        },
        {
          "name": "gifts for her",
          "label": "gift > gifts for her"
        },
        {
          "name": "vegan",
          "label": "wellness > vegan"
        },
        {
          "name": "5* rated perfumes & aftershaves",
          "label": "fragrance > 5* rated perfumes & aftershaves"
        },
        {
          "name": "all vegan products",
          "label": "wellness > all vegan products"
        }
      ],
      [
        {
          "name": "all perfumes",
          "label": "fragrance > perfume > all perfumes"
        },
        {
          "name": "floral perfume",
          "label": "fragrance > perfume > floral perfume"
        },
        {
          "name": "everyday low prices",
          "label": "fragrance > fragrance offers > everyday low prices"
        },
        {
          "name": "all perfumes",
          "label": "gift > gifts for her > all perfumes"
        },
        {
          "name": "all vegan products",
          "label": "wellness > vegan > all vegan products"
        }
      ]
    ],
    "reviews": {
      "average": 4.24,
      "count": 34,
      "rounded": 4
    },
    "parent": {
      "product": "2250113",
      "partNumber": "10262617.P",
      "model": "10262617",
      "manufacturerModel": "8441316"
    },
    "images": {
      "thumbnail": "https://boots.scene7.com/is/image/Boots/10262617?wid=45&hei=60&op_sharpen=1"
    },
    "offers": [
      {
        "text": "Save up to 1/2 price on selected fragrances"
      }
    ],
    "actions": {},
    "iconUri": "https://boots.scene7.com/is/image/Boots/10262617?op_sharpen=1",
    "title": "Yardley London Luxe Gardenia Eau de Toilette 50ml",
    "referenceUri": "/yardley-london-luxe-gardenia-eau-de-toilette-50ml-10262617",
    "canAddToBasket": "yes",
    "opticians": false,
    "inStock": true,
    "expressDelivery": false,
    "hasOtherPromotion": true,
    "channelPromotionalTextMap": {
      "-1": [
        "Save up to 1/2 price on selected fragrances"
      ],
      "-6": [
        "Save up to 1/2 price on selected fragrances"
      ]
    },
    "adCardPoints": 60
  },
  {
    "_id": {
      "$oid": "65ec108d9884656b92f5597f"
    },
    "ppuQuantity": "125ML",
    "pricing": {
      "perUnit": "£9.60 per 100ML",
      "regular": {
        "value": 16.99,
        "currency": "GBP",
        "text": "£16.99"
      },
      "current": {
        "value": 12,
        "currency": "GBP",
        "text": "£12.00"
      },
      "saving": {
        "value": 4.99,
        "currency": "GBP",
        "text": "£4.99"
      }
    },
    "objectId": "2662631",
    "brand": "Yardley",
    "attributes": {
      "fragrance_scent": "floral",
      "size": "101-150",
      "StockOverrideMessage": "STOCK_COMING_SOON",
      "fragrance_type": "eau de toilette",
      "hasPriceAdvantageDeal": false,
      "Reporting_Category": "fragrance",
      "ProductReviewFlag": "1"
    },
    "variants": {
      "colours": [],
      "hasColours": false,
      "hasSizes": false
    },
    "categories": [
      [
        {
          "name": "vegan",
          "label": "vegan"
        },
        {
          "name": "fragrance",
          "label": "fragrance"
        },
        {
          "name": "gift",
          "label": "gift"
        },
        {
          "name": "wellness",
          "label": "wellness"
        }
      ],
      [
        {
          "name": "all vegan products",
          "label": "vegan > all vegan products"
        },
        {
          "name": "perfume",
          "label": "fragrance > perfume"
        },
        {
          "name": "fragrance offers",
          "label": "fragrance > fragrance offers"
        },
        {
          "name": "gifts for her",
          "label": "gift > gifts for her"
        },
        {
          "name": "vegan",
          "label": "wellness > vegan"
        },
        {
          "name": "all vegan products",
          "label": "wellness > all vegan products"
        }
      ],
      [
        {
          "name": "all perfumes",
          "label": "fragrance > perfume > all perfumes"
        },
        {
          "name": "floral perfume",
          "label": "fragrance > perfume > floral perfume"
        },
        {
          "name": "everyday low prices",
          "label": "fragrance > fragrance offers > everyday low prices"
        },
        {
          "name": "all perfumes",
          "label": "gift > gifts for her > all perfumes"
        },
        {
          "name": "all vegan products",
          "label": "wellness > vegan > all vegan products"
        }
      ]
    ],
    "reviews": {
      "average": 3.66,
      "count": 35,
      "rounded": 3
    },
    "parent": {
      "product": "2662630",
      "partNumber": "10311230.P",
      "model": "10311230",
      "manufacturerModel": "2217287"
    },
    "images": {
      "thumbnail": "https://boots.scene7.com/is/image/Boots/10311230?wid=45&hei=60&op_sharpen=1"
    },
    "offers": [
      {
        "text": "Save up to 1/2 price on selected fragrances"
      }
    ],
    "actions": {},
    "iconUri": "https://boots.scene7.com/is/image/Boots/10311230?op_sharpen=1",
    "title": "Yardley Magnolia & Fig Eau de Toilette 125ml",
    "referenceUri": "/yardley-magnolia-fig-eau-de-toilette-125ml-10311230",
    "canAddToBasket": "yes",
    "opticians": false,
    "inStock": true,
    "expressDelivery": false,
    "hasOtherPromotion": true,
    "channelPromotionalTextMap": {
      "-1": [
        "Save up to 1/2 price on selected fragrances"
      ],
      "-6": [
        "Save up to 1/2 price on selected fragrances"
      ]
    },
    "adCardPoints": 36
  },
  {
    "_id": {
      "$oid": "65ec108d9884656b92f55980"
    },
    "ppuQuantity": "50ML",
    "pricing": {
      "perUnit": "£40.00 per 100ML",
      "regular": {
        "value": 25,
        "currency": "GBP",
        "text": "£25.00"
      },
      "current": {
        "value": 20,
        "currency": "GBP",
        "text": "£20.00"
      },
      "saving": {
        "value": 5,
        "currency": "GBP",
        "text": "£5.00"
      }
    },
    "objectId": "2439436",
    "brand": "Yardley",
    "attributes": {
      "fragrance_scent": "floral",
      "StockOverrideMessage": "STOCK_COMING_SOON",
      "size": "41-50",
      "gender": "womens",
      "fragrance_type": "eau de toilette",
      "hasPriceAdvantageDeal": false,
      "ProductReviewFlag": "1"
    },
    "variants": {
      "colours": [],
      "hasColours": false,
      "hasSizes": false
    },
    "categories": [
      [
        {
          "name": "vegan",
          "label": "vegan"
        },
        {
          "name": "fragrance",
          "label": "fragrance"
        },
        {
          "name": "gift",
          "label": "gift"
        },
        {
          "name": "wellness",
          "label": "wellness"
        },
        {
          "name": "new in",
          "label": "new in"
        }
      ],
      [
        {
          "name": "all vegan products",
          "label": "vegan > all vegan products"
        },
        {
          "name": "perfume",
          "label": "fragrance > perfume"
        },
        {
          "name": "fragrance offers",
          "label": "fragrance > fragrance offers"
        },
        {
          "name": "gifts for her",
          "label": "gift > gifts for her"
        },
        {
          "name": "vegan",
          "label": "wellness > vegan"
        },
        {
          "name": "new in fragrance",
          "label": "fragrance > new in fragrance"
        },
        {
          "name": "all vegan products",
          "label": "wellness > all vegan products"
        },
        {
          "name": "new in fragrance",
          "label": "new in > new in fragrance"
        }
      ],
      [
        {
          "name": "all perfumes",
          "label": "fragrance > perfume > all perfumes"
        },
        {
          "name": "floral perfume",
          "label": "fragrance > perfume > floral perfume"
        },
        {
          "name": "everyday low prices",
          "label": "fragrance > fragrance offers > everyday low prices"
        },
        {
          "name": "all perfumes",
          "label": "gift > gifts for her > all perfumes"
        },
        {
          "name": "all vegan products",
          "label": "wellness > vegan > all vegan products"
        }
      ]
    ],
    "reviews": {
      "average": 4.38,
      "count": 29,
      "rounded": 4
    },
    "parent": {
      "product": "2439435",
      "partNumber": "10286581.P",
      "model": "10286581",
      "manufacturerModel": "8987149"
    },
    "images": {
      "thumbnail": "https://boots.scene7.com/is/image/Boots/10286581?wid=45&hei=60&op_sharpen=1"
    },
    "offers": [
      {
        "text": "Save up to 1/2 price on selected fragrances"
      }
    ],
    "actions": {},
    "iconUri": "https://boots.scene7.com/is/image/Boots/10286581?op_sharpen=1",
    "title": "Yardley English Daisy Eau de Toilette 50ml",
    "referenceUri": "/yardley-english-daisy-eau-de-toilette-50ml-10286581",
    "canAddToBasket": "yes",
    "opticians": false,
    "inStock": true,
    "expressDelivery": false,
    "hasOtherPromotion": true,
    "channelPromotionalTextMap": {
      "-1": [
        "Save up to 1/2 price on selected fragrances"
      ],
      "-6": [
        "Save up to 1/2 price on selected fragrances"
      ]
    },
    "adCardPoints": 60
  },
  {
    "_id": {
      "$oid": "65ec108d9884656b92f55981"
    },
    "ppuQuantity": "125ML",
    "pricing": {
      "perUnit": "£9.60 per 100ML",
      "regular": {
        "value": 16.99,
        "currency": "GBP",
        "text": "£16.99"
      },
      "current": {
        "value": 12,
        "currency": "GBP",
        "text": "£12.00"
      },
      "saving": {
        "value": 4.99,
        "currency": "GBP",
        "text": "£4.99"
      }
    },
    "objectId": "2812639",
    "brand": "Yardley",
    "attributes": {
      "fragrance_scent": "floral",
      "suitable_for": "vegan",
      "product_type": "deodorant",
      "gender": "unisex",
      "size": "101-150",
      "StockOverrideMessage": "STOCK_COMING_SOON",
      "fragrance_type": "eau de toilette",
      "hasPriceAdvantageDeal": false,
      "key_features": "cruelty-free",
      "ProductReviewFlag": "1"
    },
    "variants": {
      "colours": [],
      "hasColours": false,
      "hasSizes": false
    },
    "categories": [
      [
        {
          "name": "vegan",
          "label": "vegan"
        },
        {
          "name": "fragrance",
          "label": "fragrance"
        },
        {
          "name": "gift",
          "label": "gift"
        },
        {
          "name": "wellness",
          "label": "wellness"
        }
      ],
      [
        {
          "name": "vegan fragrance",
          "label": "vegan > vegan fragrance"
        },
        {
          "name": "perfume",
          "label": "fragrance > perfume"
        },
        {
          "name": "fragrance offers",
          "label": "fragrance > fragrance offers"
        },
        {
          "name": "gifts for her",
          "label": "gift > gifts for her"
        },
        {
          "name": "vegan",
          "label": "wellness > vegan"
        },
        {
          "name": "luxury fragrance",
          "label": "fragrance > luxury fragrance"
        },
        {
          "name": "vegan fragrance",
          "label": "fragrance > vegan fragrance"
        }
      ],
      [
        {
          "name": "all perfumes",
          "label": "fragrance > perfume > all perfumes"
        },
        {
          "name": "floral perfume",
          "label": "fragrance > perfume > floral perfume"
        },
        {
          "name": "everyday low prices",
          "label": "fragrance > fragrance offers > everyday low prices"
        },
        {
          "name": "all perfumes",
          "label": "gift > gifts for her > all perfumes"
        },
        {
          "name": "vegan fragrance",
          "label": "wellness > vegan > vegan fragrance"
        }
      ]
    ],
    "reviews": {
      "average": 4.04,
      "count": 25,
      "rounded": 4
    },
    "parent": {
      "product": "2812638",
      "partNumber": "10326250.P",
      "model": "10326250",
      "manufacturerModel": "5435234"
    },
    "images": {
      "thumbnail": "https://boots.scene7.com/is/image/Boots/10326250?wid=45&hei=60&op_sharpen=1"
    },
    "offers": [
      {
        "text": "Save up to 1/2 price on selected fragrances"
      }
    ],
    "actions": {},
    "iconUri": "https://boots.scene7.com/is/image/Boots/10326250?op_sharpen=1",
    "title": "Yardley Lilac and Pear 125ml EDT",
    "referenceUri": "/yardley-lilac-and-pear-125ml-edt-10326250",
    "canAddToBasket": "yes",
    "opticians": false,
    "inStock": true,
    "expressDelivery": false,
    "hasOtherPromotion": true,
    "channelPromotionalTextMap": {
      "-1": [
        "Save up to 1/2 price on selected fragrances"
      ],
      "-6": [
        "Save up to 1/2 price on selected fragrances"
      ]
    },
    "adCardPoints": 36
  },
  {
    "_id": {
      "$oid": "65ec108d9884656b92f55982"
    },
    "ppuQuantity": "100ML",
    "pricing": {
      "perUnit": "£2.00 per 100ML",
      "regular": {
        "value": 2,
        "currency": "GBP",
        "text": "£2.00"
      },
      "current": {
        "value": 2,
        "currency": "GBP",
        "text": "£2.00"
      }
    },
    "objectId": "2433021",
    "brand": "In The Mood",
    "attributes": {
      "fragrance_scent": [
        "vanilla",
        "fruity",
        "floral"
      ],
      "suitable_for": "vegan",
      "gender": "womens",
      "size": "71-100",
      "StockOverrideMessage": "STOCK_COMING_SOON",
      "format": "spray",
      "hasPriceAdvantageDeal": false,
      "ProductReviewFlag": "1"
    },
    "variants": {
      "colours": [],
      "hasColours": false,
      "hasSizes": false
    },
    "categories": [
      [
        {
          "name": "vegan",
          "label": "vegan"
        },
        {
          "name": "fragrance",
          "label": "fragrance"
        },
        {
          "name": "gift",
          "label": "gift"
        },
        {
          "name": "wellness",
          "label": "wellness"
        }
      ],
      [
        {
          "name": "vegan fragrance",
          "label": "vegan > vegan fragrance"
        },
        {
          "name": "perfume",
          "label": "fragrance > perfume"
        },
        {
          "name": "gifts for her",
          "label": "gift > gifts for her"
        },
        {
          "name": "vegan",
          "label": "wellness > vegan"
        },
        {
          "name": "fragrance exclusives",
          "label": "fragrance > fragrance exclusives"
        },
        {
          "name": "5* rated perfumes & aftershaves",
          "label": "fragrance > 5* rated perfumes & aftershaves"
        },
        {
          "name": "vegan fragrance",
          "label": "fragrance > vegan fragrance"
        }
      ],
      [
        {
          "name": "all perfumes",
          "label": "fragrance > perfume > all perfumes"
        },
        {
          "name": "hair & body mists",
          "label": "fragrance > perfume > hair & body mists"
        },
        {
          "name": "vanilla perfume",
          "label": "fragrance > perfume > vanilla perfume"
        },
        {
          "name": "floral perfume",
          "label": "fragrance > perfume > floral perfume"
        },
        {
          "name": "all perfumes",
          "label": "gift > gifts for her > all perfumes"
        },
        {
          "name": "vegan fragrance",
          "label": "wellness > vegan > vegan fragrance"
        }
      ]
    ],
    "reviews": {
      "average": 4.54,
      "count": 61,
      "rounded": 4
    },
    "parent": {
      "product": "2433020",
      "partNumber": "10285890.P",
      "model": "10285890",
      "manufacturerModel": "8967857"
    },
    "images": {
      "thumbnail": "https://boots.scene7.com/is/image/Boots/10285890?wid=45&hei=60&op_sharpen=1"
    },
    "offers": [],
    "actions": {},
    "iconUri": "https://boots.scene7.com/is/image/Boots/10285890?op_sharpen=1",
    "title": "#Mood Vibes body mist 100ml",
    "referenceUri": "/in-the-mood-vibes-body-mist-100ml-10285890",
    "canAddToBasket": "yes",
    "opticians": false,
    "inStock": true,
    "expressDelivery": false,
    "hasOtherPromotion": false,
    "channelPromotionalTextMap": {
      "-1": [],
      "-6": []
    },
    "adCardPoints": 6
  },
  {
    "_id": {
      "$oid": "65ec108d9884656b92f55983"
    },
    "ppuQuantity": "100ML",
    "pricing": {
      "perUnit": "£2.00 per 100ML",
      "regular": {
        "value": 2,
        "currency": "GBP",
        "text": "£2.00"
      },
      "current": {
        "value": 2,
        "currency": "GBP",
        "text": "£2.00"
      }
    },
    "objectId": "2433019",
    "brand": "In The Mood",
    "attributes": {
      "fragrance_scent": [
        "vanilla",
        "musk",
        "floral"
      ],
      "suitable_for": "vegan",
      "gender": "womens",
      "size": "71-100",
      "StockOverrideMessage": "STOCK_COMING_SOON",
      "format": "spray",
      "hasPriceAdvantageDeal": false,
      "ProductReviewFlag": "1"
    },
    "variants": {
      "colours": [],
      "hasColours": false,
      "hasSizes": false
    },
    "categories": [
      [
        {
          "name": "vegan",
          "label": "vegan"
        },
        {
          "name": "fragrance",
          "label": "fragrance"
        },
        {
          "name": "gift",
          "label": "gift"
        },
        {
          "name": "wellness",
          "label": "wellness"
        }
      ],
      [
        {
          "name": "vegan fragrance",
          "label": "vegan > vegan fragrance"
        },
        {
          "name": "perfume",
          "label": "fragrance > perfume"
        },
        {
          "name": "gifts for her",
          "label": "gift > gifts for her"
        },
        {
          "name": "vegan",
          "label": "wellness > vegan"
        },
        {
          "name": "fragrance exclusives",
          "label": "fragrance > fragrance exclusives"
        },
        {
          "name": "vegan fragrance",
          "label": "fragrance > vegan fragrance"
        }
      ],
      [
        {
          "name": "all perfumes",
          "label": "fragrance > perfume > all perfumes"
        },
        {
          "name": "hair & body mists",
          "label": "fragrance > perfume > hair & body mists"
        },
        {
          "name": "vanilla perfume",
          "label": "fragrance > perfume > vanilla perfume"
        },
        {
          "name": "musky perfume",
          "label": "fragrance > perfume > musky perfume"
        },
        {
          "name": "floral perfume",
          "label": "fragrance > perfume > floral perfume"
        },
        {
          "name": "all perfumes",
          "label": "gift > gifts for her > all perfumes"
        },
        {
          "name": "vegan fragrance",
          "label": "wellness > vegan > vegan fragrance"
        }
      ]
    ],
    "reviews": {
      "average": 4.17,
      "count": 41,
      "rounded": 4
    },
    "parent": {
      "product": "2433018",
      "partNumber": "10285889.P",
      "model": "10285889",
      "manufacturerModel": "8967849"
    },
    "images": {
      "thumbnail": "https://boots.scene7.com/is/image/Boots/10285889?wid=45&hei=60&op_sharpen=1"
    },
    "offers": [],
    "actions": {},
    "iconUri": "https://boots.scene7.com/is/image/Boots/10285889?op_sharpen=1",
    "title": "#Mood Fresh body mist 100ml",
    "referenceUri": "/in-the-mood-fresh-body-mist-100ml-10285889",
    "canAddToBasket": "yes",
    "opticians": false,
    "inStock": true,
    "expressDelivery": false,
    "hasOtherPromotion": false,
    "channelPromotionalTextMap": {
      "-1": [],
      "-6": []
    },
    "adCardPoints": 6
  },
  {
    "_id": {
      "$oid": "65ec108d9884656b92f55984"
    },
    "ppuQuantity": "100ML",
    "pricing": {
      "perUnit": "£2.00 per 100ML",
      "regular": {
        "value": 2,
        "currency": "GBP",
        "text": "£2.00"
      },
      "current": {
        "value": 2,
        "currency": "GBP",
        "text": "£2.00"
      }
    },
    "objectId": "2433015",
    "brand": "In The Mood",
    "attributes": {
      "fragrance_scent": [
        "fruity",
        "musk",
        "floral"
      ],
      "suitable_for": "vegan",
      "gender": "womens",
      "size": "71-100",
      "StockOverrideMessage": "STOCK_COMING_SOON",
      "format": "spray",
      "hasPriceAdvantageDeal": false,
      "ProductReviewFlag": "1"
    },
    "variants": {
      "colours": [],
      "hasColours": false,
      "hasSizes": false
    },
    "categories": [
      [
        {
          "name": "vegan",
          "label": "vegan"
        },
        {
          "name": "fragrance",
          "label": "fragrance"
        },
        {
          "name": "gift",
          "label": "gift"
        },
        {
          "name": "wellness",
          "label": "wellness"
        }
      ],
      [
        {
          "name": "vegan fragrance",
          "label": "vegan > vegan fragrance"
        },
        {
          "name": "perfume",
          "label": "fragrance > perfume"
        },
        {
          "name": "gifts for her",
          "label": "gift > gifts for her"
        },
        {
          "name": "vegan",
          "label": "wellness > vegan"
        },
        {
          "name": "fragrance exclusives",
          "label": "fragrance > fragrance exclusives"
        },
        {
          "name": "vegan fragrance",
          "label": "fragrance > vegan fragrance"
        }
      ],
      [
        {
          "name": "all perfumes",
          "label": "fragrance > perfume > all perfumes"
        },
        {
          "name": "hair & body mists",
          "label": "fragrance > perfume > hair & body mists"
        },
        {
          "name": "musky perfume",
          "label": "fragrance > perfume > musky perfume"
        },
        {
          "name": "floral perfume",
          "label": "fragrance > perfume > floral perfume"
        },
        {
          "name": "all perfumes",
          "label": "gift > gifts for her > all perfumes"
        },
        {
          "name": "vegan fragrance",
          "label": "wellness > vegan > vegan fragrance"
        }
      ]
    ],
    "reviews": {
      "average": 4.02,
      "count": 42,
      "rounded": 4
    },
    "parent": {
      "product": "2433014",
      "partNumber": "10285887.P",
      "model": "10285887",
      "manufacturerModel": "8967822"
    },
    "images": {
      "thumbnail": "https://boots.scene7.com/is/image/Boots/10285887?wid=45&hei=60&op_sharpen=1"
    },
    "offers": [],
    "actions": {},
    "iconUri": "https://boots.scene7.com/is/image/Boots/10285887?op_sharpen=1",
    "title": "#Mood Babe body mist 100ml",
    "referenceUri": "/in-the-mood-babe-body-mist-100ml-10285887",
    "canAddToBasket": "yes",
    "opticians": false,
    "inStock": true,
    "expressDelivery": false,
    "hasOtherPromotion": false,
    "channelPromotionalTextMap": {
      "-1": [],
      "-6": []
    },
    "adCardPoints": 6
  },
  {
    "_id": {
      "$oid": "65ec108d9884656b92f55985"
    },
    "ppuQuantity": "100ML",
    "pricing": {
      "perUnit": "£2.00 per 100ML",
      "regular": {
        "value": 2,
        "currency": "GBP",
        "text": "£2.00"
      },
      "current": {
        "value": 2,
        "currency": "GBP",
        "text": "£2.00"
      }
    },
    "objectId": "2433017",
    "brand": "In The Mood",
    "attributes": {
      "fragrance_scent": [
        "amber",
        "floral",
        "woody"
      ],
      "suitable_for": "vegan",
      "gender": "womens",
      "size": "71-100",
      "StockOverrideMessage": "STOCK_COMING_SOON",
      "format": "spray",
      "hasPriceAdvantageDeal": false,
      "ProductReviewFlag": "1"
    },
    "variants": {
      "colours": [],
      "hasColours": false,
      "hasSizes": false
    },
    "categories": [
      [
        {
          "name": "vegan",
          "label": "vegan"
        },
        {
          "name": "fragrance",
          "label": "fragrance"
        },
        {
          "name": "gift",
          "label": "gift"
        },
        {
          "name": "wellness",
          "label": "wellness"
        }
      ],
      [
        {
          "name": "vegan fragrance",
          "label": "vegan > vegan fragrance"
        },
        {
          "name": "perfume",
          "label": "fragrance > perfume"
        },
        {
          "name": "gifts for her",
          "label": "gift > gifts for her"
        },
        {
          "name": "vegan",
          "label": "wellness > vegan"
        },
        {
          "name": "fragrance exclusives",
          "label": "fragrance > fragrance exclusives"
        },
        {
          "name": "vegan fragrance",
          "label": "fragrance > vegan fragrance"
        }
      ],
      [
        {
          "name": "all perfumes",
          "label": "fragrance > perfume > all perfumes"
        },
        {
          "name": "hair & body mists",
          "label": "fragrance > perfume > hair & body mists"
        },
        {
          "name": "floral perfume",
          "label": "fragrance > perfume > floral perfume"
        },
        {
          "name": "amber perfume",
          "label": "fragrance > perfume > amber perfume"
        },
        {
          "name": "all perfumes",
          "label": "gift > gifts for her > all perfumes"
        },
        {
          "name": "vegan fragrance",
          "label": "wellness > vegan > vegan fragrance"
        }
      ]
    ],
    "reviews": {
      "average": 4.1,
      "count": 30,
      "rounded": 4
    },
    "parent": {
      "product": "2433016",
      "partNumber": "10285888.P",
      "model": "10285888",
      "manufacturerModel": "8967830"
    },
    "images": {
      "thumbnail": "https://boots.scene7.com/is/image/Boots/10285888?wid=45&hei=60&op_sharpen=1"
    },
    "offers": [],
    "actions": {},
    "iconUri": "https://boots.scene7.com/is/image/Boots/10285888?op_sharpen=1",
    "title": "#Mood Wild body mist 100ml",
    "referenceUri": "/in-the-mood-wild-body-mist-100ml-10285888",
    "canAddToBasket": "yes",
    "opticians": false,
    "inStock": true,
    "expressDelivery": false,
    "hasOtherPromotion": false,
    "channelPromotionalTextMap": {
      "-1": [],
      "-6": []
    },
    "adCardPoints": 6
  },
  {
    "_id": {
      "$oid": "65ec108d9884656b92f55986"
    },
    "ppuQuantity": "50ML",
    "pricing": {
      "perUnit": "£10.00 per 100ML",
      "regular": {
        "value": 5,
        "currency": "GBP",
        "text": "£5.00"
      },
      "current": {
        "value": 5,
        "currency": "GBP",
        "text": "£5.00"
      }
    },
    "objectId": "2433003",
    "brand": "In The Mood",
    "attributes": {
      "fragrance_scent": [
        "vanilla",
        "musk",
        "floral"
      ],
      "suitable_for": "vegan",
      "gender": "womens",
      "StockOverrideMessage": "STOCK_COMING_SOON",
      "size": "41-50",
      "format": "spray",
      "fragrance_type": "eau de toilette",
      "hasPriceAdvantageDeal": false,
      "Reporting_Category": "fragrance",
      "ProductReviewFlag": "1"
    },
    "variants": {
      "colours": [],
      "hasColours": false,
      "hasSizes": false
    },
    "categories": [
      [
        {
          "name": "vegan",
          "label": "vegan"
        },
        {
          "name": "fragrance",
          "label": "fragrance"
        },
        {
          "name": "gift",
          "label": "gift"
        },
        {
          "name": "wellness",
          "label": "wellness"
        }
      ],
      [
        {
          "name": "vegan fragrance",
          "label": "vegan > vegan fragrance"
        },
        {
          "name": "perfume",
          "label": "fragrance > perfume"
        },
        {
          "name": "gifts for her",
          "label": "gift > gifts for her"
        },
        {
          "name": "vegan",
          "label": "wellness > vegan"
        },
        {
          "name": "fragrance offers",
          "label": "fragrance > fragrance offers"
        },
        {
          "name": "fragrance exclusives",
          "label": "fragrance > fragrance exclusives"
        },
        {
          "name": "vegan fragrance",
          "label": "fragrance > vegan fragrance"
        }
      ],
      [
        {
          "name": "all perfumes",
          "label": "fragrance > perfume > all perfumes"
        },
        {
          "name": "vanilla perfume",
          "label": "fragrance > perfume > vanilla perfume"
        },
        {
          "name": "musky perfume",
          "label": "fragrance > perfume > musky perfume"
        },
        {
          "name": "floral perfume",
          "label": "fragrance > perfume > floral perfume"
        },
        {
          "name": "all perfumes",
          "label": "gift > gifts for her > all perfumes"
        },
        {
          "name": "vegan fragrance",
          "label": "wellness > vegan > vegan fragrance"
        }
      ]
    ],
    "reviews": {
      "average": 4.07,
      "count": 44,
      "rounded": 4
    },
    "parent": {
      "product": "2433002",
      "partNumber": "10285881.P",
      "model": "10285881",
      "manufacturerModel": "8967768"
    },
    "images": {
      "thumbnail": "https://boots.scene7.com/is/image/Boots/10285881?wid=45&hei=60&op_sharpen=1"
    },
    "offers": [],
    "actions": {},
    "iconUri": "https://boots.scene7.com/is/image/Boots/10285881?op_sharpen=1",
    "title": "#Mood Fresh Eau de Toilette 50ml",
    "referenceUri": "/in-the-mood-fresh-eau-de-toilette-50ml-10285881",
    "canAddToBasket": "yes",
    "opticians": false,
    "inStock": true,
    "expressDelivery": false,
    "hasOtherPromotion": false,
    "channelPromotionalTextMap": {
      "-1": [],
      "-6": []
    },
    "adCardPoints": 15
  },
  {
    "_id": {
      "$oid": "65ec108d9884656b92f55987"
    },
    "ppuQuantity": null,
    "pricing": {
      "perUnit": "",
      "regular": {
        "value": 2,
        "currency": "GBP",
        "text": "£2.00"
      },
      "current": {
        "value": 2,
        "currency": "GBP",
        "text": "£2.00"
      }
    },
    "objectId": "2433011",
    "brand": "In The Mood",
    "attributes": {
      "fragrance_scent": [
        "vanilla",
        "musk",
        "floral"
      ],
      "suitable_for": "vegan",
      "size": "3",
      "gender": "womens",
      "StockOverrideMessage": "STOCK_COMING_SOON",
      "hasPriceAdvantageDeal": false,
      "ProductReviewFlag": "1"
    },
    "variants": {
      "colours": [],
      "hasColours": false,
      "hasSizes": false
    },
    "categories": [
      [
        {
          "name": "vegan",
          "label": "vegan"
        },
        {
          "name": "fragrance",
          "label": "fragrance"
        },
        {
          "name": "gift",
          "label": "gift"
        },
        {
          "name": "wellness",
          "label": "wellness"
        }
      ],
      [
        {
          "name": "vegan fragrance",
          "label": "vegan > vegan fragrance"
        },
        {
          "name": "perfume",
          "label": "fragrance > perfume"
        },
        {
          "name": "gifts for her",
          "label": "gift > gifts for her"
        },
        {
          "name": "vegan",
          "label": "wellness > vegan"
        },
        {
          "name": "fragrance exclusives",
          "label": "fragrance > fragrance exclusives"
        },
        {
          "name": "vegan fragrance",
          "label": "fragrance > vegan fragrance"
        }
      ],
      [
        {
          "name": "all perfumes",
          "label": "fragrance > perfume > all perfumes"
        },
        {
          "name": "vanilla perfume",
          "label": "fragrance > perfume > vanilla perfume"
        },
        {
          "name": "musky perfume",
          "label": "fragrance > perfume > musky perfume"
        },
        {
          "name": "floral perfume",
          "label": "fragrance > perfume > floral perfume"
        },
        {
          "name": "all perfumes",
          "label": "gift > gifts for her > all perfumes"
        },
        {
          "name": "vegan fragrance",
          "label": "wellness > vegan > vegan fragrance"
        }
      ]
    ],
    "reviews": {
      "average": 3.54,
      "count": 41,
      "rounded": 3
    },
    "parent": {
      "product": "2433010",
      "partNumber": "10285885.P",
      "model": "10285885",
      "manufacturerModel": "8967806"
    },
    "images": {
      "thumbnail": "https://boots.scene7.com/is/image/Boots/10285885?wid=45&hei=60&op_sharpen=1"
    },
    "offers": [],
    "actions": {},
    "iconUri": "https://boots.scene7.com/is/image/Boots/10285885?op_sharpen=1",
    "title": "#Mood Fresh solid perfume 2.3g",
    "referenceUri": "/in-the-mood-fresh-solid-perfume-10285885",
    "canAddToBasket": "yes",
    "opticians": false,
    "inStock": true,
    "expressDelivery": false,
    "hasOtherPromotion": false,
    "channelPromotionalTextMap": {
      "-1": [],
      "-6": []
    },
    "adCardPoints": 6
  },
  {
    "_id": {
      "$oid": "65ec108d9884656b92f55988"
    },
    "ppuQuantity": null,
    "pricing": {
      "perUnit": "",
      "regular": {
        "value": 2,
        "currency": "GBP",
        "text": "£2.00"
      },
      "current": {
        "value": 2,
        "currency": "GBP",
        "text": "£2.00"
      }
    },
    "objectId": "2433013",
    "brand": "In The Mood",
    "attributes": {
      "fragrance_scent": [
        "vanilla",
        "fruity",
        "floral"
      ],
      "suitable_for": "vegan",
      "size": "3",
      "gender": "womens",
      "StockOverrideMessage": "STOCK_COMING_SOON",
      "hasPriceAdvantageDeal": false,
      "ProductReviewFlag": "1"
    },
    "variants": {
      "colours": [],
      "hasColours": false,
      "hasSizes": false
    },
    "categories": [
      [
        {
          "name": "vegan",
          "label": "vegan"
        },
        {
          "name": "fragrance",
          "label": "fragrance"
        },
        {
          "name": "gift",
          "label": "gift"
        },
        {
          "name": "wellness",
          "label": "wellness"
        }
      ],
      [
        {
          "name": "vegan fragrance",
          "label": "vegan > vegan fragrance"
        },
        {
          "name": "perfume",
          "label": "fragrance > perfume"
        },
        {
          "name": "gifts for her",
          "label": "gift > gifts for her"
        },
        {
          "name": "vegan",
          "label": "wellness > vegan"
        },
        {
          "name": "fragrance exclusives",
          "label": "fragrance > fragrance exclusives"
        },
        {
          "name": "vegan fragrance",
          "label": "fragrance > vegan fragrance"
        }
      ],
      [
        {
          "name": "all perfumes",
          "label": "fragrance > perfume > all perfumes"
        },
        {
          "name": "vanilla perfume",
          "label": "fragrance > perfume > vanilla perfume"
        },
        {
          "name": "floral perfume",
          "label": "fragrance > perfume > floral perfume"
        },
        {
          "name": "all perfumes",
          "label": "gift > gifts for her > all perfumes"
        },
        {
          "name": "vegan fragrance",
          "label": "wellness > vegan > vegan fragrance"
        }
      ]
    ],
    "reviews": {
      "average": 4.41,
      "count": 59,
      "rounded": 4
    },
    "parent": {
      "product": "2433012",
      "partNumber": "10285886.P",
      "model": "10285886",
      "manufacturerModel": "8967814"
    },
    "images": {
      "thumbnail": "https://boots.scene7.com/is/image/Boots/10285886?wid=45&hei=60&op_sharpen=1"
    },
    "offers": [],
    "actions": {},
    "iconUri": "https://boots.scene7.com/is/image/Boots/10285886?op_sharpen=1",
    "title": "#Mood Vibes solid perfume 2.3g",
    "referenceUri": "/in-the-mood-vibes-solid-perfume-10285886",
    "canAddToBasket": "yes",
    "opticians": false,
    "inStock": true,
    "expressDelivery": false,
    "hasOtherPromotion": false,
    "channelPromotionalTextMap": {
      "-1": [],
      "-6": []
    },
    "adCardPoints": 6
  },
  {
    "_id": {
      "$oid": "65ec108d9884656b92f55989"
    },
    "ppuQuantity": null,
    "pricing": {
      "perUnit": "",
      "regular": {
        "value": 2,
        "currency": "GBP",
        "text": "£2.00"
      },
      "current": {
        "value": 2,
        "currency": "GBP",
        "text": "£2.00"
      }
    },
    "objectId": "2433007",
    "brand": "In The Mood",
    "attributes": {
      "fragrance_scent": [
        "fruity",
        "musk",
        "floral"
      ],
      "suitable_for": "vegan",
      "size": "3",
      "gender": "womens",
      "StockOverrideMessage": "STOCK_COMING_SOON",
      "hasPriceAdvantageDeal": false,
      "ProductReviewFlag": "1"
    },
    "variants": {
      "colours": [],
      "hasColours": false,
      "hasSizes": false
    },
    "categories": [
      [
        {
          "name": "vegan",
          "label": "vegan"
        },
        {
          "name": "fragrance",
          "label": "fragrance"
        },
        {
          "name": "gift",
          "label": "gift"
        },
        {
          "name": "wellness",
          "label": "wellness"
        }
      ],
      [
        {
          "name": "vegan fragrance",
          "label": "vegan > vegan fragrance"
        },
        {
          "name": "perfume",
          "label": "fragrance > perfume"
        },
        {
          "name": "gifts for her",
          "label": "gift > gifts for her"
        },
        {
          "name": "vegan",
          "label": "wellness > vegan"
        },
        {
          "name": "fragrance exclusives",
          "label": "fragrance > fragrance exclusives"
        },
        {
          "name": "vegan fragrance",
          "label": "fragrance > vegan fragrance"
        }
      ],
      [
        {
          "name": "all perfumes",
          "label": "fragrance > perfume > all perfumes"
        },
        {
          "name": "musky perfume",
          "label": "fragrance > perfume > musky perfume"
        },
        {
          "name": "floral perfume",
          "label": "fragrance > perfume > floral perfume"
        },
        {
          "name": "all perfumes",
          "label": "gift > gifts for her > all perfumes"
        },
        {
          "name": "vegan fragrance",
          "label": "wellness > vegan > vegan fragrance"
        }
      ]
    ],
    "reviews": {
      "average": 3.91,
      "count": 43,
      "rounded": 3
    },
    "parent": {
      "product": "2433006",
      "partNumber": "10285883.P",
      "model": "10285883",
      "manufacturerModel": "8967784"
    },
    "images": {
      "thumbnail": "https://boots.scene7.com/is/image/Boots/10285883?wid=45&hei=60&op_sharpen=1"
    },
    "offers": [],
    "actions": {},
    "iconUri": "https://boots.scene7.com/is/image/Boots/10285883?op_sharpen=1",
    "title": "#Mood Babe Solid Perfume 2.3g",
    "referenceUri": "/in-the-mood-babe-solid-perfume-10285883",
    "canAddToBasket": "yes",
    "opticians": false,
    "inStock": true,
    "expressDelivery": false,
    "hasOtherPromotion": false,
    "channelPromotionalTextMap": {
      "-1": [],
      "-6": []
    },
    "adCardPoints": 6
  },
  {
    "_id": {
      "$oid": "65ec108d9884656b92f5598a"
    },
    "ppuQuantity": "50ML",
    "pricing": {
      "perUnit": "£10.00 per 100ML",
      "regular": {
        "value": 5,
        "currency": "GBP",
        "text": "£5.00"
      },
      "current": {
        "value": 5,
        "currency": "GBP",
        "text": "£5.00"
      }
    },
    "objectId": "2433001",
    "brand": "In The Mood",
    "attributes": {
      "fragrance_scent": [
        "amber",
        "floral",
        "woody"
      ],
      "suitable_for": "vegan",
      "gender": "womens",
      "StockOverrideMessage": "STOCK_COMING_SOON",
      "size": "41-50",
      "format": "spray",
      "fragrance_type": "eau de toilette",
      "hasPriceAdvantageDeal": false,
      "Reporting_Category": "fragrance",
      "ProductReviewFlag": "1"
    },
    "variants": {
      "colours": [],
      "hasColours": false,
      "hasSizes": false
    },
    "categories": [
      [
        {
          "name": "vegan",
          "label": "vegan"
        },
        {
          "name": "fragrance",
          "label": "fragrance"
        },
        {
          "name": "gift",
          "label": "gift"
        },
        {
          "name": "wellness",
          "label": "wellness"
        }
      ],
      [
        {
          "name": "vegan fragrance",
          "label": "vegan > vegan fragrance"
        },
        {
          "name": "perfume",
          "label": "fragrance > perfume"
        },
        {
          "name": "gifts for her",
          "label": "gift > gifts for her"
        },
        {
          "name": "vegan",
          "label": "wellness > vegan"
        },
        {
          "name": "fragrance offers",
          "label": "fragrance > fragrance offers"
        },
        {
          "name": "fragrance exclusives",
          "label": "fragrance > fragrance exclusives"
        },
        {
          "name": "vegan fragrance",
          "label": "fragrance > vegan fragrance"
        }
      ],
      [
        {
          "name": "all perfumes",
          "label": "fragrance > perfume > all perfumes"
        },
        {
          "name": "floral perfume",
          "label": "fragrance > perfume > floral perfume"
        },
        {
          "name": "amber perfume",
          "label": "fragrance > perfume > amber perfume"
        },
        {
          "name": "all perfumes",
          "label": "gift > gifts for her > all perfumes"
        },
        {
          "name": "vegan fragrance",
          "label": "wellness > vegan > vegan fragrance"
        }
      ]
    ],
    "reviews": {
      "average": 4,
      "count": 34,
      "rounded": 4
    },
    "parent": {
      "product": "2433000",
      "partNumber": "10285880.P",
      "model": "10285880",
      "manufacturerModel": "8967741"
    },
    "images": {
      "thumbnail": "https://boots.scene7.com/is/image/Boots/10285880?wid=45&hei=60&op_sharpen=1"
    },
    "offers": [],
    "actions": {},
    "iconUri": "https://boots.scene7.com/is/image/Boots/10285880?op_sharpen=1",
    "title": "#Mood Wild Eau de Toilette 50ml",
    "referenceUri": "/in-the-mood-wild-eau-de-toilette-50ml-10285880",
    "canAddToBasket": "yes",
    "opticians": false,
    "inStock": true,
    "expressDelivery": false,
    "hasOtherPromotion": false,
    "channelPromotionalTextMap": {
      "-1": [],
      "-6": []
    },
    "adCardPoints": 15
  },
  {
    "_id": {
      "$oid": "65ec108d9884656b92f5598b"
    },
    "ppuQuantity": null,
    "pricing": {
      "perUnit": "",
      "regular": {
        "value": 2,
        "currency": "GBP",
        "text": "£2.00"
      },
      "current": {
        "value": 2,
        "currency": "GBP",
        "text": "£2.00"
      }
    },
    "objectId": "2433009",
    "brand": "In The Mood",
    "attributes": {
      "fragrance_scent": [
        "amber",
        "floral",
        "woody"
      ],
      "suitable_for": "vegan",
      "size": "3",
      "gender": "womens",
      "StockOverrideMessage": "STOCK_COMING_SOON",
      "hasPriceAdvantageDeal": false,
      "ProductReviewFlag": "1"
    },
    "variants": {
      "colours": [],
      "hasColours": false,
      "hasSizes": false
    },
    "categories": [
      [
        {
          "name": "vegan",
          "label": "vegan"
        },
        {
          "name": "fragrance",
          "label": "fragrance"
        },
        {
          "name": "gift",
          "label": "gift"
        },
        {
          "name": "wellness",
          "label": "wellness"
        }
      ],
      [
        {
          "name": "vegan fragrance",
          "label": "vegan > vegan fragrance"
        },
        {
          "name": "perfume",
          "label": "fragrance > perfume"
        },
        {
          "name": "gifts for her",
          "label": "gift > gifts for her"
        },
        {
          "name": "vegan",
          "label": "wellness > vegan"
        },
        {
          "name": "fragrance exclusives",
          "label": "fragrance > fragrance exclusives"
        },
        {
          "name": "vegan fragrance",
          "label": "fragrance > vegan fragrance"
        }
      ],
      [
        {
          "name": "all perfumes",
          "label": "fragrance > perfume > all perfumes"
        },
        {
          "name": "floral perfume",
          "label": "fragrance > perfume > floral perfume"
        },
        {
          "name": "amber perfume",
          "label": "fragrance > perfume > amber perfume"
        },
        {
          "name": "all perfumes",
          "label": "gift > gifts for her > all perfumes"
        },
        {
          "name": "vegan fragrance",
          "label": "wellness > vegan > vegan fragrance"
        }
      ]
    ],
    "reviews": {
      "average": 3.36,
      "count": 33,
      "rounded": 3
    },
    "parent": {
      "product": "2433008",
      "partNumber": "10285884.P",
      "model": "10285884",
      "manufacturerModel": "8967792"
    },
    "images": {
      "thumbnail": "https://boots.scene7.com/is/image/Boots/10285884?wid=45&hei=60&op_sharpen=1"
    },
    "offers": [],
    "actions": {},
    "iconUri": "https://boots.scene7.com/is/image/Boots/10285884?op_sharpen=1",
    "title": "#Mood Wild Solid Perfume 2.3g",
    "referenceUri": "/in-the-mood-wild-solid-perfume-10285884",
    "canAddToBasket": "yes",
    "opticians": false,
    "inStock": true,
    "expressDelivery": false,
    "hasOtherPromotion": false,
    "channelPromotionalTextMap": {
      "-1": [],
      "-6": []
    },
    "adCardPoints": 6
  },
  {
    "_id": {
      "$oid": "65ec108d9884656b92f5598c"
    },
    "ppuQuantity": "50ML",
    "pricing": {
      "perUnit": "£58.00 per 100ML",
      "regular": {
        "value": 53,
        "currency": "GBP",
        "text": "£53.00"
      },
      "current": {
        "value": 29,
        "currency": "GBP",
        "text": "£29.00"
      },
      "saving": {
        "value": 24,
        "currency": "GBP",
        "text": "£24.00"
      }
    },
    "objectId": "2879",
    "brand": "Cacharel",
    "attributes": {
      "fragrance_scent": [
        "amber",
        "floral",
        "woody"
      ],
      "StockOverrideMessage": "STOCK_COMING_SOON",
      "Size": [
        "50ml",
        "50 ml"
      ],
      "parentCategory_UK": "33071",
      "fragrance_type": "eau de toilette",
      "hasPriceAdvantageDeal": false,
      "Reporting_Category": "fragrance",
      "ProductReviewFlag": "1"
    },
    "variants": {
      "colours": [],
      "hasColours": false,
      "hasSizes": false
    },
    "categories": [
      [
        {
          "name": "fragrance",
          "label": "fragrance"
        },
        {
          "name": "gift",
          "label": "gift"
        }
      ],
      [
        {
          "name": "5* rated perfumes & aftershaves",
          "label": "fragrance > 5* rated perfumes & aftershaves"
        },
        {
          "name": "perfume",
          "label": "fragrance > perfume"
        },
        {
          "name": "fragrance offers",
          "label": "fragrance > fragrance offers"
        },
        {
          "name": "gifts for her",
          "label": "gift > gifts for her"
        }
      ],
      [
        {
          "name": "all perfumes",
          "label": "fragrance > perfume > all perfumes"
        },
        {
          "name": "floral perfume",
          "label": "fragrance > perfume > floral perfume"
        },
        {
          "name": "amber perfume",
          "label": "fragrance > perfume > amber perfume"
        },
        {
          "name": "save up to half price",
          "label": "fragrance > fragrance offers > save up to half price"
        },
        {
          "name": "save up to 20% on fragrance",
          "label": "fragrance > fragrance offers > save up to 20% on fragrance"
        },
        {
          "name": "all perfumes",
          "label": "gift > gifts for her > all perfumes"
        }
      ]
    ],
    "reviews": {
      "average": 4.8,
      "count": 213,
      "rounded": 4
    },
    "parent": {
      "product": "2878",
      "partNumber": "10011349.P",
      "model": "10011349",
      "manufacturerModel": "3052273"
    },
    "images": {
      "thumbnail": "https://boots.scene7.com/is/image/Boots/10011349?wid=45&hei=60&op_sharpen=1"
    },
    "offers": [
      {
        "text": "Save up to 1/2 price on selected fragrances"
      }
    ],
    "actions": {},
    "iconUri": "https://boots.scene7.com/is/image/Boots/10011349?op_sharpen=1",
    "title": "Cacharel Anaïs Anaïs Eau de Toilette Spray 50ml",
    "referenceUri": "/cacharel-ana%C3%AFs-ana%C3%AFs-eau-de-toilette-spray-50ml-10011349",
    "canAddToBasket": "yes",
    "opticians": false,
    "inStock": true,
    "expressDelivery": false,
    "hasOtherPromotion": true,
    "channelPromotionalTextMap": {
      "-1": [
        "Save up to 1/2 price on selected fragrances"
      ],
      "-6": [
        "Save up to 1/2 price on selected fragrances"
      ]
    },
    "adCardPoints": 87
  },
  {
    "_id": {
      "$oid": "65ec108d9884656b92f5598d"
    },
    "ppuQuantity": "50ML",
    "pricing": {
      "perUnit": "£58.00 per 100ML",
      "regular": {
        "value": 53,
        "currency": "GBP",
        "text": "£53.00"
      },
      "current": {
        "value": 29,
        "currency": "GBP",
        "text": "£29.00"
      },
      "saving": {
        "value": 24,
        "currency": "GBP",
        "text": "£24.00"
      }
    },
    "objectId": "872267",
    "brand": "Cacharel",
    "attributes": {
      "fragrance_scent": [
        "woody",
        "fruity",
        "amber",
        "floral"
      ],
      "StockOverrideMessage": "STOCK_COMING_SOON",
      "Size": "50ml",
      "parentCategory_UK": "33071",
      "fragrance_type": "eau de parfum",
      "hasPriceAdvantageDeal": false,
      "Reporting_Category": "fragrance",
      "ProductReviewFlag": "1"
    },
    "variants": {
      "colours": [],
      "hasColours": false,
      "hasSizes": false
    },
    "categories": [
      [
        {
          "name": "fragrance",
          "label": "fragrance"
        },
        {
          "name": "gift",
          "label": "gift"
        }
      ],
      [
        {
          "name": "perfume",
          "label": "fragrance > perfume"
        },
        {
          "name": "fragrance offers",
          "label": "fragrance > fragrance offers"
        },
        {
          "name": "gifts for her",
          "label": "gift > gifts for her"
        }
      ],
      [
        {
          "name": "all perfumes",
          "label": "fragrance > perfume > all perfumes"
        },
        {
          "name": "floral perfume",
          "label": "fragrance > perfume > floral perfume"
        },
        {
          "name": "amber perfume",
          "label": "fragrance > perfume > amber perfume"
        },
        {
          "name": "save up to half price",
          "label": "fragrance > fragrance offers > save up to half price"
        },
        {
          "name": "save up to 20% on fragrance",
          "label": "fragrance > fragrance offers > save up to 20% on fragrance"
        },
        {
          "name": "all perfumes",
          "label": "gift > gifts for her > all perfumes"
        }
      ]
    ],
    "reviews": {
      "average": 4.78,
      "count": 83,
      "rounded": 4
    },
    "parent": {
      "product": "872266",
      "partNumber": "10011362.P",
      "model": "10011362",
      "manufacturerModel": "6808786"
    },
    "images": {
      "thumbnail": "https://boots.scene7.com/is/image/Boots/10011362?wid=45&hei=60&op_sharpen=1"
    },
    "offers": [
      {
        "text": "Save up to 1/2 price on selected fragrances"
      }
    ],
    "actions": {},
    "iconUri": "https://boots.scene7.com/is/image/Boots/10011362?op_sharpen=1",
    "title": "Cacharel Loulou Eau de Parfum 50ml",
    "referenceUri": "/cacharel-loulou-eau-de-parfum-50ml-10011362",
    "canAddToBasket": "yes",
    "opticians": false,
    "inStock": true,
    "expressDelivery": false,
    "hasOtherPromotion": true,
    "channelPromotionalTextMap": {
      "-1": [
        "Save up to 1/2 price on selected fragrances"
      ],
      "-6": [
        "Save up to 1/2 price on selected fragrances"
      ]
    },
    "adCardPoints": 87
  },
  {
    "_id": {
      "$oid": "65ec108d9884656b92f5598e"
    },
    "ppuQuantity": "50ML",
    "pricing": {
      "perUnit": "£58.00 per 100ML",
      "regular": {
        "value": 53,
        "currency": "GBP",
        "text": "£53.00"
      },
      "current": {
        "value": 29,
        "currency": "GBP",
        "text": "£29.00"
      },
      "saving": {
        "value": 24,
        "currency": "GBP",
        "text": "£24.00"
      }
    },
    "objectId": "2887",
    "brand": "Cacharel",
    "attributes": {
      "fragrance_scent": [
        "aquatic",
        "fruity",
        "floral",
        "woody"
      ],
      "StockOverrideMessage": "STOCK_COMING_SOON",
      "Size": [
        "30ml",
        "50 ml"
      ],
      "parentCategory_UK": "33071",
      "fragrance_type": "eau de parfum",
      "hasPriceAdvantageDeal": false,
      "Reporting_Category": "fragrance",
      "ProductReviewFlag": "1"
    },
    "variants": {
      "colours": [],
      "hasColours": false,
      "hasSizes": false
    },
    "categories": [
      [
        {
          "name": "fragrance",
          "label": "fragrance"
        },
        {
          "name": "gift",
          "label": "gift"
        }
      ],
      [
        {
          "name": "5* rated perfumes & aftershaves",
          "label": "fragrance > 5* rated perfumes & aftershaves"
        },
        {
          "name": "perfume",
          "label": "fragrance > perfume"
        },
        {
          "name": "fragrance offers",
          "label": "fragrance > fragrance offers"
        },
        {
          "name": "gifts for her",
          "label": "gift > gifts for her"
        }
      ],
      [
        {
          "name": "all perfumes",
          "label": "fragrance > perfume > all perfumes"
        },
        {
          "name": "floral perfume",
          "label": "fragrance > perfume > floral perfume"
        },
        {
          "name": "save up to half price",
          "label": "fragrance > fragrance offers > save up to half price"
        },
        {
          "name": "save up to 20% on fragrance",
          "label": "fragrance > fragrance offers > save up to 20% on fragrance"
        },
        {
          "name": "Save 15% on 100s of fragrances",
          "label": "fragrance > fragrance offers > Save 15% on 100s of fragrances"
        },
        {
          "name": "all perfumes",
          "label": "gift > gifts for her > all perfumes"
        }
      ]
    ],
    "reviews": {
      "average": 4.82,
      "count": 99,
      "rounded": 4
    },
    "parent": {
      "product": "2886",
      "partNumber": "10011359.P",
      "model": "10011359",
      "manufacturerModel": "1821679"
    },
    "images": {
      "thumbnail": "https://boots.scene7.com/is/image/Boots/10011359?wid=45&hei=60&op_sharpen=1"
    },
    "offers": [
      {
        "text": "Save up to 1/2 price on selected fragrances"
      }
    ],
    "actions": {},
    "iconUri": "https://boots.scene7.com/is/image/Boots/10011359?op_sharpen=1",
    "title": "Cacharel Eden Eau De Parfum Spray 50ml",
    "referenceUri": "/cacharel-eden-eau-de-parfum-spray-50ml-10011359",
    "canAddToBasket": "yes",
    "opticians": false,
    "inStock": true,
    "expressDelivery": false,
    "hasOtherPromotion": true,
    "channelPromotionalTextMap": {
      "-1": [
        "Save up to 1/2 price on selected fragrances"
      ],
      "-6": [
        "Save up to 1/2 price on selected fragrances"
      ]
    },
    "adCardPoints": 87
  },
  {
    "_id": {
      "$oid": "65ec108d9884656b92f5598f"
    },
    "ppuQuantity": "50ML",
    "pricing": {
      "perUnit": "£58.00 per 100ML",
      "regular": {
        "value": 53,
        "currency": "GBP",
        "text": "£53.00"
      },
      "current": {
        "value": 29,
        "currency": "GBP",
        "text": "£29.00"
      },
      "saving": {
        "value": 24,
        "currency": "GBP",
        "text": "£24.00"
      }
    },
    "objectId": "9604",
    "brand": "Cacharel",
    "attributes": {
      "fragrance_scent": [
        "fruity",
        "jasmine",
        "vanilla",
        "floral"
      ],
      "StockOverrideMessage": "STOCK_COMING_SOON",
      "gender": "womens",
      "size": "41-50",
      "Size": [
        "50 ml",
        "50ml"
      ],
      "parentCategory_UK": "33071",
      "fragrance_type": "eau de toilette",
      "hasPriceAdvantageDeal": false,
      "Reporting_Category": "fragrance",
      "ProductReviewFlag": "1"
    },
    "variants": {
      "colours": [],
      "hasColours": false,
      "hasSizes": false
    },
    "categories": [
      [
        {
          "name": "fragrance",
          "label": "fragrance"
        },
        {
          "name": "gift",
          "label": "gift"
        }
      ],
      [
        {
          "name": "fragrance offers",
          "label": "fragrance > fragrance offers"
        },
        {
          "name": "perfume",
          "label": "fragrance > perfume"
        },
        {
          "name": "gifts for her",
          "label": "gift > gifts for her"
        }
      ],
      [
        {
          "name": "all perfumes",
          "label": "fragrance > perfume > all perfumes"
        },
        {
          "name": "vanilla perfume",
          "label": "fragrance > perfume > vanilla perfume"
        },
        {
          "name": "floral perfume",
          "label": "fragrance > perfume > floral perfume"
        },
        {
          "name": "save up to half price",
          "label": "fragrance > fragrance offers > save up to half price"
        },
        {
          "name": "save up to 20% on fragrance",
          "label": "fragrance > fragrance offers > save up to 20% on fragrance"
        },
        {
          "name": "all perfumes",
          "label": "gift > gifts for her > all perfumes"
        }
      ]
    ],
    "reviews": {
      "average": 4.58,
      "count": 313,
      "rounded": 4
    },
    "parent": {
      "product": "9603",
      "partNumber": "10028791.P",
      "model": "10028791",
      "manufacturerModel": "4492471"
    },
    "images": {
      "thumbnail": "https://boots.scene7.com/is/image/Boots/10028791?wid=45&hei=60&op_sharpen=1"
    },
    "offers": [
      {
        "text": "Save up to 1/2 price on selected fragrances"
      }
    ],
    "actions": {},
    "iconUri": "https://boots.scene7.com/is/image/Boots/10028791?op_sharpen=1",
    "title": "Cacharel Amor Amor Eau de Toilette 50ml",
    "referenceUri": "/cacharel-amor-amor-eau-de-toilette-50ml-10028791",
    "canAddToBasket": "yes",
    "opticians": false,
    "inStock": true,
    "expressDelivery": false,
    "hasOtherPromotion": true,
    "channelPromotionalTextMap": {
      "-1": [
        "Save up to 1/2 price on selected fragrances"
      ],
      "-6": [
        "Save up to 1/2 price on selected fragrances"
      ]
    },
    "adCardPoints": 87
  },
  {
    "_id": {
      "$oid": "65ec108d9884656b92f55990"
    },
    "ppuQuantity": "30ML",
    "pricing": {
      "perUnit": "£70.00 per 100ML",
      "regular": {
        "value": 38,
        "currency": "GBP",
        "text": "£38.00"
      },
      "current": {
        "value": 21,
        "currency": "GBP",
        "text": "£21.00"
      },
      "saving": {
        "value": 17,
        "currency": "GBP",
        "text": "£17.00"
      }
    },
    "objectId": "2881",
    "brand": "Cacharel",
    "attributes": {
      "fragrance_scent": [
        "amber",
        "floral",
        "woody"
      ],
      "StockOverrideMessage": "STOCK_COMING_SOON",
      "Size": [
        "30 ml",
        "30ml"
      ],
      "parentCategory_UK": "33071",
      "fragrance_type": "eau de toilette",
      "hasPriceAdvantageDeal": false,
      "Reporting_Category": "fragrance",
      "ProductReviewFlag": "1"
    },
    "variants": {
      "colours": [],
      "hasColours": false,
      "hasSizes": false
    },
    "categories": [
      [
        {
          "name": "fragrance",
          "label": "fragrance"
        },
        {
          "name": "gift",
          "label": "gift"
        }
      ],
      [
        {
          "name": "5* rated perfumes & aftershaves",
          "label": "fragrance > 5* rated perfumes & aftershaves"
        },
        {
          "name": "perfume",
          "label": "fragrance > perfume"
        },
        {
          "name": "fragrance offers",
          "label": "fragrance > fragrance offers"
        },
        {
          "name": "gifts for her",
          "label": "gift > gifts for her"
        }
      ],
      [
        {
          "name": "all perfumes",
          "label": "fragrance > perfume > all perfumes"
        },
        {
          "name": "floral perfume",
          "label": "fragrance > perfume > floral perfume"
        },
        {
          "name": "amber perfume",
          "label": "fragrance > perfume > amber perfume"
        },
        {
          "name": "save up to half price",
          "label": "fragrance > fragrance offers > save up to half price"
        },
        {
          "name": "Save 15% on 100s of fragrances",
          "label": "fragrance > fragrance offers > Save 15% on 100s of fragrances"
        },
        {
          "name": "all perfumes",
          "label": "gift > gifts for her > all perfumes"
        }
      ]
    ],
    "reviews": {
      "average": 4.8,
      "count": 212,
      "rounded": 4
    },
    "parent": {
      "product": "2880",
      "partNumber": "10011350.P",
      "model": "10011350",
      "manufacturerModel": "1914561"
    },
    "images": {
      "thumbnail": "https://boots.scene7.com/is/image/Boots/10011350?wid=45&hei=60&op_sharpen=1"
    },
    "offers": [
      {
        "text": "Save up to 1/2 price on selected fragrances"
      }
    ],
    "actions": {},
    "iconUri": "https://boots.scene7.com/is/image/Boots/10011350?op_sharpen=1",
    "title": "Cacharel Anaïs Anaïs Eau de Toilette Spray 30ml",
    "referenceUri": "/cacharel-ana%C3%AFs-ana%C3%AFs-eau-de-toilette-spray-30ml-10011350",
    "canAddToBasket": "yes",
    "opticians": false,
    "inStock": true,
    "expressDelivery": false,
    "hasOtherPromotion": true,
    "channelPromotionalTextMap": {
      "-1": [
        "Save up to 1/2 price on selected fragrances"
      ],
      "-6": [
        "Save up to 1/2 price on selected fragrances"
      ]
    },
    "adCardPoints": 63
  },
  {
    "_id": {
      "$oid": "65ec108d9884656b92f55991"
    },
    "ppuQuantity": "100ML",
    "pricing": {
      "perUnit": "£53.12 per 100ML",
      "regular": {
        "value": 62.5,
        "currency": "GBP",
        "text": "£62.50"
      },
      "current": {
        "value": 53.12,
        "currency": "GBP",
        "text": "£53.12"
      },
      "saving": {
        "value": 9.38,
        "currency": "GBP",
        "text": "£9.38"
      }
    },
    "objectId": "9608",
    "brand": "Cacharel",
    "attributes": {
      "fragrance_scent": [
        "amber",
        "floral",
        "woody"
      ],
      "StockOverrideMessage": "STOCK_COMING_SOON",
      "size": "71-100",
      "gender": "womens",
      "Size": [
        "100 ml",
        "100ml"
      ],
      "parentCategory_UK": "33071",
      "fragrance_type": "eau de toilette",
      "hasPriceAdvantageDeal": false,
      "Reporting_Category": "fragrance",
      "ProductReviewFlag": "1"
    },
    "variants": {
      "colours": [],
      "hasColours": false,
      "hasSizes": false
    },
    "categories": [
      [
        {
          "name": "fragrance",
          "label": "fragrance"
        },
        {
          "name": "gift",
          "label": "gift"
        }
      ],
      [
        {
          "name": "5* rated perfumes & aftershaves",
          "label": "fragrance > 5* rated perfumes & aftershaves"
        },
        {
          "name": "perfume",
          "label": "fragrance > perfume"
        },
        {
          "name": "fragrance offers",
          "label": "fragrance > fragrance offers"
        },
        {
          "name": "gifts for her",
          "label": "gift > gifts for her"
        }
      ],
      [
        {
          "name": "all perfumes",
          "label": "fragrance > perfume > all perfumes"
        },
        {
          "name": "floral perfume",
          "label": "fragrance > perfume > floral perfume"
        },
        {
          "name": "amber perfume",
          "label": "fragrance > perfume > amber perfume"
        },
        {
          "name": "save up to 60 percent",
          "label": "fragrance > fragrance offers > save up to 60 percent"
        },
        {
          "name": "Save 15% on 100s of fragrances",
          "label": "fragrance > fragrance offers > Save 15% on 100s of fragrances"
        },
        {
          "name": "all perfumes",
          "label": "gift > gifts for her > all perfumes"
        }
      ]
    ],
    "reviews": {
      "average": 4.81,
      "count": 193,
      "rounded": 4
    },
    "parent": {
      "product": "9607",
      "partNumber": "10028794.P",
      "model": "10028794",
      "manufacturerModel": "3121771"
    },
    "images": {
      "thumbnail": "https://boots.scene7.com/is/image/Boots/10028794?wid=45&hei=60&op_sharpen=1"
    },
    "offers": [
      {
        "text": "Save up to 20 percent on selected fragrances"
      }
    ],
    "actions": {},
    "iconUri": "https://boots.scene7.com/is/image/Boots/10028794?op_sharpen=1",
    "title": "Cacharel Anaïs Anaïs Eau de Toilette Spray 100ml",
    "referenceUri": "/cacharel-ana%C3%AFs-ana%C3%AFs-eau-de-toilette-spray-100ml-10028794",
    "canAddToBasket": "yes",
    "opticians": false,
    "inStock": true,
    "expressDelivery": false,
    "hasOtherPromotion": true,
    "channelPromotionalTextMap": {
      "-1": [
        "Save up to 20 percent on selected fragrances"
      ],
      "-6": [
        "Save up to 20 percent on selected fragrances"
      ]
    },
    "adCardPoints": 159
  },
  {
    "_id": {
      "$oid": "65ec108d9884656b92f55992"
    },
    "ppuQuantity": "30ML",
    "pricing": {
      "perUnit": "£107.67 per 100ML",
      "regular": {
        "value": 38,
        "currency": "GBP",
        "text": "£38.00"
      },
      "current": {
        "value": 32.3,
        "currency": "GBP",
        "text": "£32.30"
      },
      "saving": {
        "value": 5.7,
        "currency": "GBP",
        "text": "£5.70"
      }
    },
    "objectId": "2885",
    "brand": "Cacharel",
    "attributes": {
      "fragrance_scent": [
        "aquatic",
        "fruity",
        "floral",
        "woody"
      ],
      "StockOverrideMessage": "STOCK_COMING_SOON",
      "Size": [
        "30 ml",
        "30ml"
      ],
      "parentCategory_UK": "33071",
      "fragrance_type": "eau de parfum",
      "hasPriceAdvantageDeal": false,
      "Reporting_Category": "fragrance",
      "ProductReviewFlag": "1"
    },
    "variants": {
      "colours": [],
      "hasColours": false,
      "hasSizes": false
    },
    "categories": [
      [
        {
          "name": "fragrance",
          "label": "fragrance"
        },
        {
          "name": "gift",
          "label": "gift"
        }
      ],
      [
        {
          "name": "5* rated perfumes & aftershaves",
          "label": "fragrance > 5* rated perfumes & aftershaves"
        },
        {
          "name": "perfume",
          "label": "fragrance > perfume"
        },
        {
          "name": "fragrance offers",
          "label": "fragrance > fragrance offers"
        },
        {
          "name": "gifts for her",
          "label": "gift > gifts for her"
        }
      ],
      [
        {
          "name": "all perfumes",
          "label": "fragrance > perfume > all perfumes"
        },
        {
          "name": "floral perfume",
          "label": "fragrance > perfume > floral perfume"
        },
        {
          "name": "save up to half price",
          "label": "fragrance > fragrance offers > save up to half price"
        },
        {
          "name": "Save 15% on 100s of fragrances",
          "label": "fragrance > fragrance offers > Save 15% on 100s of fragrances"
        },
        {
          "name": "all perfumes",
          "label": "gift > gifts for her > all perfumes"
        }
      ]
    ],
    "reviews": {
      "average": 4.82,
      "count": 99,
      "rounded": 4
    },
    "parent": {
      "product": "2884",
      "partNumber": "10011358.P",
      "model": "10011358",
      "manufacturerModel": "2009862"
    },
    "images": {
      "thumbnail": "https://boots.scene7.com/is/image/Boots/10011358?wid=45&hei=60&op_sharpen=1"
    },
    "offers": [
      {
        "text": "Save up to 20 percent on selected fragrances"
      }
    ],
    "actions": {},
    "iconUri": "https://boots.scene7.com/is/image/Boots/10011358?op_sharpen=1",
    "title": "Cacharel Eden Eau De Parfum Spray 30ml",
    "referenceUri": "/cacharel-eden-eau-de-parfum-spray-30ml-10011358",
    "canAddToBasket": "yes",
    "opticians": false,
    "inStock": true,
    "expressDelivery": false,
    "hasOtherPromotion": true,
    "channelPromotionalTextMap": {
      "-1": [
        "Save up to 20 percent on selected fragrances"
      ],
      "-6": [
        "Save up to 20 percent on selected fragrances"
      ]
    },
    "adCardPoints": 96
  },
  {
    "_id": {
      "$oid": "65ec108d9884656b92f55993"
    },
    "ppuQuantity": "50ML",
    "pricing": {
      "perUnit": "£90.10 per 100ML",
      "regular": {
        "value": 53,
        "currency": "GBP",
        "text": "£53.00"
      },
      "current": {
        "value": 45.05,
        "currency": "GBP",
        "text": "£45.05"
      },
      "saving": {
        "value": 7.95,
        "currency": "GBP",
        "text": "£7.95"
      }
    },
    "objectId": "2895",
    "brand": "Cacharel",
    "attributes": {
      "fragrance_scent": [
        "musk",
        "vanilla",
        "floral",
        "woody"
      ],
      "StockOverrideMessage": "STOCK_COMING_SOON",
      "Size": [
        "50 ml",
        "50ml"
      ],
      "parentCategory_UK": "33071",
      "fragrance_type": "eau de toilette",
      "hasPriceAdvantageDeal": false,
      "Reporting_Category": "fragrance",
      "ProductReviewFlag": "1"
    },
    "variants": {
      "colours": [],
      "hasColours": false,
      "hasSizes": false
    },
    "categories": [
      [
        {
          "name": "fragrance",
          "label": "fragrance"
        },
        {
          "name": "gift",
          "label": "gift"
        }
      ],
      [
        {
          "name": "5* rated perfumes & aftershaves",
          "label": "fragrance > 5* rated perfumes & aftershaves"
        },
        {
          "name": "perfume",
          "label": "fragrance > perfume"
        },
        {
          "name": "fragrance offers",
          "label": "fragrance > fragrance offers"
        },
        {
          "name": "gifts for her",
          "label": "gift > gifts for her"
        }
      ],
      [
        {
          "name": "all perfumes",
          "label": "fragrance > perfume > all perfumes"
        },
        {
          "name": "vanilla perfume",
          "label": "fragrance > perfume > vanilla perfume"
        },
        {
          "name": "musky perfume",
          "label": "fragrance > perfume > musky perfume"
        },
        {
          "name": "floral perfume",
          "label": "fragrance > perfume > floral perfume"
        },
        {
          "name": "save up to 20% on fragrance",
          "label": "fragrance > fragrance offers > save up to 20% on fragrance"
        },
        {
          "name": "all perfumes",
          "label": "gift > gifts for her > all perfumes"
        }
      ]
    ],
    "reviews": {
      "average": 4.71,
      "count": 96,
      "rounded": 4
    },
    "parent": {
      "product": "2894",
      "partNumber": "10011367.P",
      "model": "10011367",
      "manufacturerModel": "1870378"
    },
    "images": {
      "thumbnail": "https://boots.scene7.com/is/image/Boots/10011367?wid=45&hei=60&op_sharpen=1"
    },
    "offers": [
      {
        "text": "Save up to 20 percent on selected fragrances"
      }
    ],
    "actions": {},
    "iconUri": "https://boots.scene7.com/is/image/Boots/10011367?op_sharpen=1",
    "title": "Cacharel Noa Eau De Toilette Spray 50ml",
    "referenceUri": "/cacharel-noa-eau-de-toilette-spray-50ml-10011367",
    "canAddToBasket": "yes",
    "opticians": false,
    "inStock": true,
    "expressDelivery": false,
    "hasOtherPromotion": true,
    "channelPromotionalTextMap": {
      "-1": [
        "Save up to 20 percent on selected fragrances"
      ],
      "-6": [
        "Save up to 20 percent on selected fragrances"
      ]
    },
    "adCardPoints": 135
  },
  {
    "_id": {
      "$oid": "65ec108d9884656b92f55994"
    },
    "ppuQuantity": "100ML",
    "pricing": {
      "perUnit": "£58.65 per 100ML",
      "regular": {
        "value": 69,
        "currency": "GBP",
        "text": "£69.00"
      },
      "current": {
        "value": 58.65,
        "currency": "GBP",
        "text": "£58.65"
      },
      "saving": {
        "value": 10.35,
        "currency": "GBP",
        "text": "£10.35"
      }
    },
    "objectId": "2891",
    "brand": "Cacharel",
    "attributes": {
      "fragrance_scent": [
        "musk",
        "floral"
      ],
      "StockOverrideMessage": "STOCK_COMING_SOON",
      "Size": [
        "100 ml",
        "100ml"
      ],
      "parentCategory_UK": "33071",
      "fragrance_type": "eau de toilette",
      "hasPriceAdvantageDeal": false,
      "Reporting_Category": "fragrance",
      "ProductReviewFlag": "1"
    },
    "variants": {
      "colours": [],
      "hasColours": false,
      "hasSizes": false
    },
    "categories": [
      [
        {
          "name": "fragrance",
          "label": "fragrance"
        },
        {
          "name": "gift",
          "label": "gift"
        }
      ],
      [
        {
          "name": "5* rated perfumes & aftershaves",
          "label": "fragrance > 5* rated perfumes & aftershaves"
        },
        {
          "name": "perfume",
          "label": "fragrance > perfume"
        },
        {
          "name": "fragrance offers",
          "label": "fragrance > fragrance offers"
        },
        {
          "name": "gifts for her",
          "label": "gift > gifts for her"
        }
      ],
      [
        {
          "name": "all perfumes",
          "label": "fragrance > perfume > all perfumes"
        },
        {
          "name": "musky perfume",
          "label": "fragrance > perfume > musky perfume"
        },
        {
          "name": "floral perfume",
          "label": "fragrance > perfume > floral perfume"
        },
        {
          "name": "save up to 60 percent",
          "label": "fragrance > fragrance offers > save up to 60 percent"
        },
        {
          "name": "Save 15% on 100s of fragrances",
          "label": "fragrance > fragrance offers > Save 15% on 100s of fragrances"
        },
        {
          "name": "all perfumes",
          "label": "gift > gifts for her > all perfumes"
        }
      ]
    ],
    "reviews": {
      "average": 4.71,
      "count": 96,
      "rounded": 4
    },
    "parent": {
      "product": "2890",
      "partNumber": "10011365.P",
      "model": "10011365",
      "manufacturerModel": "1870408"
    },
    "images": {
      "thumbnail": "https://boots.scene7.com/is/image/Boots/10011365?wid=45&hei=60&op_sharpen=1"
    },
    "offers": [
      {
        "text": "Save up to 20 percent on selected fragrances"
      }
    ],
    "actions": {},
    "iconUri": "https://boots.scene7.com/is/image/Boots/10011365?op_sharpen=1",
    "title": "Cacharel Noa Eau De Toilette Spray 100ml",
    "referenceUri": "/cacharel-noa-eau-de-toilette-spray-100ml-10011365",
    "canAddToBasket": "yes",
    "opticians": false,
    "inStock": true,
    "expressDelivery": false,
    "hasOtherPromotion": true,
    "channelPromotionalTextMap": {
      "-1": [
        "Save up to 20 percent on selected fragrances"
      ],
      "-6": [
        "Save up to 20 percent on selected fragrances"
      ]
    },
    "adCardPoints": 174
  },
  {
    "_id": {
      "$oid": "65ec108d9884656b92f55995"
    },
    "ppuQuantity": "100ML",
    "pricing": {
      "perUnit": "£53.12 per 100ML",
      "regular": {
        "value": 62.5,
        "currency": "GBP",
        "text": "£62.50"
      },
      "current": {
        "value": 53.12,
        "currency": "GBP",
        "text": "£53.12"
      },
      "saving": {
        "value": 9.38,
        "currency": "GBP",
        "text": "£9.38"
      }
    },
    "objectId": "9606",
    "brand": "Cacharel",
    "attributes": {
      "fragrance_scent": [
        "fruity",
        "jasmine",
        "vanilla",
        "floral"
      ],
      "StockOverrideMessage": "STOCK_COMING_SOON",
      "size": "71-100",
      "gender": "womens",
      "Size": "100 ml",
      "parentCategory_UK": "33071",
      "fragrance_type": "eau de toilette",
      "hasPriceAdvantageDeal": false,
      "Reporting_Category": "fragrance",
      "ProductReviewFlag": "1"
    },
    "variants": {
      "colours": [],
      "hasColours": false,
      "hasSizes": false
    },
    "categories": [
      [
        {
          "name": "fragrance",
          "label": "fragrance"
        },
        {
          "name": "gift",
          "label": "gift"
        }
      ],
      [
        {
          "name": "perfume",
          "label": "fragrance > perfume"
        },
        {
          "name": "fragrance offers",
          "label": "fragrance > fragrance offers"
        },
        {
          "name": "gifts for her",
          "label": "gift > gifts for her"
        }
      ],
      [
        {
          "name": "all perfumes",
          "label": "fragrance > perfume > all perfumes"
        },
        {
          "name": "vanilla perfume",
          "label": "fragrance > perfume > vanilla perfume"
        },
        {
          "name": "floral perfume",
          "label": "fragrance > perfume > floral perfume"
        },
        {
          "name": "save up to 60 percent",
          "label": "fragrance > fragrance offers > save up to 60 percent"
        },
        {
          "name": "Save 15% on 100s of fragrances",
          "label": "fragrance > fragrance offers > Save 15% on 100s of fragrances"
        },
        {
          "name": "all perfumes",
          "label": "gift > gifts for her > all perfumes"
        }
      ]
    ],
    "reviews": {
      "average": 4.58,
      "count": 313,
      "rounded": 4
    },
    "parent": {
      "product": "9605",
      "partNumber": "10028792.P",
      "model": "10028792",
      "manufacturerModel": "6414281"
    },
    "images": {
      "thumbnail": "https://boots.scene7.com/is/image/Boots/10028792?wid=45&hei=60&op_sharpen=1"
    },
    "offers": [
      {
        "text": "Save up to 20 percent on selected fragrances"
      }
    ],
    "actions": {},
    "iconUri": "https://boots.scene7.com/is/image/Boots/10028792?op_sharpen=1",
    "title": "Cacharel Amor Amor Eau de Toilette 100ml",
    "referenceUri": "/cacharel-amor-amor-eau-de-toilette-100ml-10028792",
    "canAddToBasket": "yes",
    "opticians": false,
    "inStock": true,
    "expressDelivery": false,
    "hasOtherPromotion": true,
    "channelPromotionalTextMap": {
      "-1": [
        "Save up to 20 percent on selected fragrances"
      ],
      "-6": [
        "Save up to 20 percent on selected fragrances"
      ]
    },
    "adCardPoints": 159
  },
  {
    "_id": {
      "$oid": "65ec108d9884656b92f55996"
    },
    "ppuQuantity": "30ML",
    "pricing": {
      "perUnit": "£110.50 per 100ML",
      "regular": {
        "value": 39,
        "currency": "GBP",
        "text": "£39.00"
      },
      "current": {
        "value": 33.15,
        "currency": "GBP",
        "text": "£33.15"
      },
      "saving": {
        "value": 5.85,
        "currency": "GBP",
        "text": "£5.85"
      }
    },
    "objectId": "9602",
    "brand": "Cacharel",
    "attributes": {
      "fragrance_scent": [
        "fruity",
        "vanilla",
        "jasmine",
        "floral"
      ],
      "StockOverrideMessage": "STOCK_COMING_SOON",
      "size": "21-30",
      "gender": "womens",
      "Size": [
        "30 ml",
        "30ml"
      ],
      "parentCategory_UK": "33071",
      "fragrance_type": "eau de toilette",
      "hasPriceAdvantageDeal": false,
      "ProductReviewFlag": "1"
    },
    "variants": {
      "colours": [],
      "hasColours": false,
      "hasSizes": false
    },
    "categories": [
      [
        {
          "name": "fragrance",
          "label": "fragrance"
        },
        {
          "name": "gift",
          "label": "gift"
        }
      ],
      [
        {
          "name": "5* rated perfumes & aftershaves",
          "label": "fragrance > 5* rated perfumes & aftershaves"
        },
        {
          "name": "perfume",
          "label": "fragrance > perfume"
        },
        {
          "name": "fragrance offers",
          "label": "fragrance > fragrance offers"
        },
        {
          "name": "gifts for her",
          "label": "gift > gifts for her"
        }
      ],
      [
        {
          "name": "all perfumes",
          "label": "fragrance > perfume > all perfumes"
        },
        {
          "name": "vanilla perfume",
          "label": "fragrance > perfume > vanilla perfume"
        },
        {
          "name": "floral perfume",
          "label": "fragrance > perfume > floral perfume"
        },
        {
          "name": "Save 15% on 100s of fragrances",
          "label": "fragrance > fragrance offers > Save 15% on 100s of fragrances"
        },
        {
          "name": "all perfumes",
          "label": "gift > gifts for her > all perfumes"
        }
      ]
    ],
    "reviews": {
      "average": 4.58,
      "count": 315,
      "rounded": 4
    },
    "parent": {
      "product": "9601",
      "partNumber": "10028790.P",
      "model": "10028790",
      "manufacturerModel": "4492463"
    },
    "images": {
      "thumbnail": "https://boots.scene7.com/is/image/Boots/10028790?wid=45&hei=60&op_sharpen=1"
    },
    "offers": [
      {
        "text": "Save up to 20 percent on selected fragrances"
      }
    ],
    "actions": {},
    "iconUri": "https://boots.scene7.com/is/image/Boots/10028790?op_sharpen=1",
    "title": "Cacharel Amor Amor Eau de Toilette 30ml",
    "referenceUri": "/cacharel-amor-amor-eau-de-toilette-30ml-10028790",
    "canAddToBasket": "yes",
    "opticians": false,
    "inStock": true,
    "expressDelivery": false,
    "hasOtherPromotion": true,
    "channelPromotionalTextMap": {
      "-1": [
        "Save up to 20 percent on selected fragrances"
      ],
      "-6": [
        "Save up to 20 percent on selected fragrances"
      ]
    },
    "adCardPoints": 99
  },
  {
    "_id": {
      "$oid": "65ec108d9884656b92f55997"
    },
    "ppuQuantity": "100ML",
    "pricing": {
      "perUnit": "£3.00 per 100ML",
      "regular": {
        "value": 3,
        "currency": "GBP",
        "text": "£3.00"
      },
      "current": {
        "value": 3,
        "currency": "GBP",
        "text": "£3.00"
      }
    },
    "objectId": "2433090",
    "brand": "Pure&Co",
    "attributes": {
      "fragrance_scent": [
        "vanilla",
        "amber",
        "floral"
      ],
      "suitable_for": "vegan",
      "product_type": "body spray",
      "gender": "womens",
      "size": "71-100",
      "StockOverrideMessage": "STOCK_COMING_SOON",
      "format": "spray",
      "hasPriceAdvantageDeal": false,
      "ProductReviewFlag": "1"
    },
    "variants": {
      "colours": [],
      "hasColours": false,
      "hasSizes": false
    },
    "categories": [
      [
        {
          "name": "vegan",
          "label": "vegan"
        },
        {
          "name": "fragrance",
          "label": "fragrance"
        },
        {
          "name": "gift",
          "label": "gift"
        },
        {
          "name": "wellness",
          "label": "wellness"
        }
      ],
      [
        {
          "name": "vegan fragrance",
          "label": "vegan > vegan fragrance"
        },
        {
          "name": "perfume",
          "label": "fragrance > perfume"
        },
        {
          "name": "gifts for her",
          "label": "gift > gifts for her"
        },
        {
          "name": "vegan",
          "label": "wellness > vegan"
        },
        {
          "name": "fragrance offers",
          "label": "fragrance > fragrance offers"
        },
        {
          "name": "fragrance exclusives",
          "label": "fragrance > fragrance exclusives"
        },
        {
          "name": "vegan fragrance",
          "label": "fragrance > vegan fragrance"
        }
      ],
      [
        {
          "name": "all perfumes",
          "label": "fragrance > perfume > all perfumes"
        },
        {
          "name": "hair & body mists",
          "label": "fragrance > perfume > hair & body mists"
        },
        {
          "name": "vanilla perfume",
          "label": "fragrance > perfume > vanilla perfume"
        },
        {
          "name": "floral perfume",
          "label": "fragrance > perfume > floral perfume"
        },
        {
          "name": "amber perfume",
          "label": "fragrance > perfume > amber perfume"
        },
        {
          "name": "all perfumes",
          "label": "gift > gifts for her > all perfumes"
        },
        {
          "name": "vegan fragrance",
          "label": "wellness > vegan > vegan fragrance"
        }
      ]
    ],
    "reviews": {
      "average": 3.87,
      "count": 63,
      "rounded": 3
    },
    "parent": {
      "product": "2433089",
      "partNumber": "10285916.P",
      "model": "10285916",
      "manufacturerModel": "8968020"
    },
    "images": {
      "thumbnail": "https://boots.scene7.com/is/image/Boots/10285916?wid=45&hei=60&op_sharpen=1"
    },
    "offers": [],
    "actions": {},
    "iconUri": "https://boots.scene7.com/is/image/Boots/10285916?op_sharpen=1",
    "title": "Pure & Co Jasmine and Orris body spray 100ml",
    "referenceUri": "/pure-and-co-jasmine-body-spray-100ml-10285916",
    "canAddToBasket": "yes",
    "opticians": false,
    "inStock": true,
    "expressDelivery": false,
    "hasOtherPromotion": false,
    "channelPromotionalTextMap": {
      "-1": [],
      "-6": []
    },
    "adCardPoints": 9
  },
  {
    "_id": {
      "$oid": "65ec108d9884656b92f55998"
    },
    "ppuQuantity": "50ML",
    "pricing": {
      "perUnit": "£18.00 per 100ML",
      "regular": {
        "value": 9,
        "currency": "GBP",
        "text": "£9.00"
      },
      "current": {
        "value": 9,
        "currency": "GBP",
        "text": "£9.00"
      }
    },
    "objectId": "2433082",
    "brand": "Pure&Co",
    "attributes": {
      "fragrance_scent": [
        "vanilla",
        "amber",
        "floral"
      ],
      "suitable_for": "vegan",
      "gender": "womens",
      "StockOverrideMessage": "STOCK_COMING_SOON",
      "size": "41-50",
      "fragrance_type": "eau de toilette",
      "format": "spray",
      "hasPriceAdvantageDeal": false,
      "Reporting_Category": "fragrance",
      "ProductReviewFlag": "1"
    },
    "variants": {
      "colours": [],
      "hasColours": false,
      "hasSizes": false
    },
    "categories": [
      [
        {
          "name": "vegan",
          "label": "vegan"
        },
        {
          "name": "fragrance",
          "label": "fragrance"
        },
        {
          "name": "gift",
          "label": "gift"
        },
        {
          "name": "wellness",
          "label": "wellness"
        }
      ],
      [
        {
          "name": "vegan fragrance",
          "label": "vegan > vegan fragrance"
        },
        {
          "name": "perfume",
          "label": "fragrance > perfume"
        },
        {
          "name": "gifts for her",
          "label": "gift > gifts for her"
        },
        {
          "name": "vegan",
          "label": "wellness > vegan"
        },
        {
          "name": "fragrance exclusives",
          "label": "fragrance > fragrance exclusives"
        },
        {
          "name": "vegan fragrance",
          "label": "fragrance > vegan fragrance"
        }
      ],
      [
        {
          "name": "all perfumes",
          "label": "fragrance > perfume > all perfumes"
        },
        {
          "name": "vanilla perfume",
          "label": "fragrance > perfume > vanilla perfume"
        },
        {
          "name": "floral perfume",
          "label": "fragrance > perfume > floral perfume"
        },
        {
          "name": "amber perfume",
          "label": "fragrance > perfume > amber perfume"
        },
        {
          "name": "all perfumes",
          "label": "gift > gifts for her > all perfumes"
        },
        {
          "name": "vegan fragrance",
          "label": "wellness > vegan > vegan fragrance"
        }
      ]
    ],
    "reviews": {
      "average": 3.89,
      "count": 61,
      "rounded": 3
    },
    "parent": {
      "product": "2433081",
      "partNumber": "10285911.P",
      "model": "10285911",
      "manufacturerModel": "8967970"
    },
    "images": {
      "thumbnail": "https://boots.scene7.com/is/image/Boots/10285911?wid=45&hei=60&op_sharpen=1"
    },
    "offers": [],
    "actions": {},
    "iconUri": "https://boots.scene7.com/is/image/Boots/10285911?op_sharpen=1",
    "title": "Pure & Co Jasmine and Orris eau de toilette 50ml",
    "referenceUri": "/pure-and-co-jasmine-eau-de-toilette-50ml-10285911",
    "canAddToBasket": "yes",
    "opticians": false,
    "inStock": true,
    "expressDelivery": false,
    "hasOtherPromotion": false,
    "channelPromotionalTextMap": {
      "-1": [],
      "-6": []
    },
    "adCardPoints": 27
  },
  {
    "_id": {
      "$oid": "65ec108d9884656b92f55999"
    },
    "ppuQuantity": null,
    "pricing": {
      "perUnit": "",
      "regular": {
        "value": 12,
        "currency": "GBP",
        "text": "£12.00"
      },
      "current": {
        "value": 12,
        "currency": "GBP",
        "text": "£12.00"
      }
    },
    "objectId": "2425073",
    "brand": "Pure&Co",
    "attributes": {
      "fragrance_scent": [
        "fruity",
        "floral",
        "sweet"
      ],
      "product_type": "gift set",
      "size": "0-10",
      "StockOverrideMessage": "STOCK_COMING_SOON",
      "fragrance_type": "eau de toilette",
      "format": "liquid",
      "hasPriceAdvantageDeal": false,
      "Reporting_Category": "fragrance",
      "ProductReviewFlag": "1"
    },
    "variants": {
      "colours": [],
      "hasColours": false,
      "hasSizes": false
    },
    "categories": [
      [
        {
          "name": "vegan",
          "label": "vegan"
        },
        {
          "name": "fragrance",
          "label": "fragrance"
        },
        {
          "name": "gift",
          "label": "gift"
        },
        {
          "name": "wellness",
          "label": "wellness"
        }
      ],
      [
        {
          "name": "vegan fragrance",
          "label": "vegan > vegan fragrance"
        },
        {
          "name": "perfume",
          "label": "fragrance > perfume"
        },
        {
          "name": "gifts for her",
          "label": "gift > gifts for her"
        },
        {
          "name": "vegan",
          "label": "wellness > vegan"
        },
        {
          "name": "fragrance offers",
          "label": "fragrance > fragrance offers"
        },
        {
          "name": "fragrance exclusives",
          "label": "fragrance > fragrance exclusives"
        },
        {
          "name": "vegan fragrance",
          "label": "fragrance > vegan fragrance"
        },
        {
          "name": "gift type",
          "label": "gift > gift type"
        },
        {
          "name": "gift by occasion",
          "label": "gift > gift by occasion"
        },
        {
          "name": "gift by recipient",
          "label": "gift > gift by recipient"
        }
      ],
      [
        {
          "name": "all perfumes",
          "label": "fragrance > perfume > all perfumes"
        },
        {
          "name": "floral perfume",
          "label": "fragrance > perfume > floral perfume"
        },
        {
          "name": "all perfumes",
          "label": "gift > gifts for her > all perfumes"
        },
        {
          "name": "vegan fragrance",
          "label": "wellness > vegan > vegan fragrance"
        }
      ]
    ],
    "reviews": {
      "average": 2,
      "count": 6,
      "rounded": 2
    },
    "parent": {
      "product": "2425072",
      "partNumber": "10283793.P",
      "model": "10283793",
      "manufacturerModel": "8945209"
    },
    "images": {
      "thumbnail": "https://boots.scene7.com/is/image/Boots/10283793?wid=45&hei=60&op_sharpen=1"
    },
    "offers": [],
    "actions": {},
    "iconUri": "https://boots.scene7.com/is/image/Boots/10283793?op_sharpen=1",
    "title": "Pure & Co Discovery Giftset - Roll on eau de toilette 5x 10ml",
    "referenceUri": "/pure-and-co-roll-on-discovery-set-eau-de-toilette-10283793",
    "canAddToBasket": "yes",
    "opticians": false,
    "inStock": true,
    "expressDelivery": false,
    "hasOtherPromotion": false,
    "channelPromotionalTextMap": {
      "-1": [],
      "-6": []
    },
    "adCardPoints": 36
  },
  {
    "_id": {
      "$oid": "65ec108d9884656b92f5599a"
    },
    "ppuQuantity": "50ML",
    "pricing": {
      "perUnit": "£18.00 per 100ML",
      "regular": {
        "value": 9,
        "currency": "GBP",
        "text": "£9.00"
      },
      "current": {
        "value": 9,
        "currency": "GBP",
        "text": "£9.00"
      }
    },
    "objectId": "2433074",
    "brand": "Pure&Co",
    "attributes": {
      "fragrance_scent": [
        "fruity",
        "floral"
      ],
      "suitable_for": "vegan",
      "gender": "womens",
      "StockOverrideMessage": "STOCK_COMING_SOON",
      "size": "41-50",
      "fragrance_type": "eau de toilette",
      "format": "spray",
      "hasPriceAdvantageDeal": false,
      "Reporting_Category": "fragrance",
      "ProductReviewFlag": "1"
    },
    "variants": {
      "colours": [],
      "hasColours": false,
      "hasSizes": false
    },
    "categories": [
      [
        {
          "name": "vegan",
          "label": "vegan"
        },
        {
          "name": "fragrance",
          "label": "fragrance"
        },
        {
          "name": "gift",
          "label": "gift"
        },
        {
          "name": "wellness",
          "label": "wellness"
        }
      ],
      [
        {
          "name": "vegan fragrance",
          "label": "vegan > vegan fragrance"
        },
        {
          "name": "perfume",
          "label": "fragrance > perfume"
        },
        {
          "name": "gifts for her",
          "label": "gift > gifts for her"
        },
        {
          "name": "vegan",
          "label": "wellness > vegan"
        },
        {
          "name": "fragrance exclusives",
          "label": "fragrance > fragrance exclusives"
        },
        {
          "name": "vegan fragrance",
          "label": "fragrance > vegan fragrance"
        }
      ],
      [
        {
          "name": "all perfumes",
          "label": "fragrance > perfume > all perfumes"
        },
        {
          "name": "floral perfume",
          "label": "fragrance > perfume > floral perfume"
        },
        {
          "name": "all perfumes",
          "label": "gift > gifts for her > all perfumes"
        },
        {
          "name": "vegan fragrance",
          "label": "wellness > vegan > vegan fragrance"
        }
      ]
    ],
    "reviews": {
      "average": 3.87,
      "count": 61,
      "rounded": 3
    },
    "parent": {
      "product": "2433073",
      "partNumber": "10285908.P",
      "model": "10285908",
      "manufacturerModel": "8967946"
    },
    "images": {
      "thumbnail": "https://boots.scene7.com/is/image/Boots/10285908?wid=45&hei=60&op_sharpen=1"
    },
    "offers": [],
    "actions": {},
    "iconUri": "https://boots.scene7.com/is/image/Boots/10285908?op_sharpen=1",
    "title": "Pure & Co Plum and Cherry Blossom eau de toilette 50ml",
    "referenceUri": "/pure-and-co-plum-eau-de-toilette-50ml-10285908",
    "canAddToBasket": "yes",
    "opticians": false,
    "inStock": true,
    "expressDelivery": false,
    "hasOtherPromotion": false,
    "channelPromotionalTextMap": {
      "-1": [],
      "-6": []
    },
    "adCardPoints": 27
  },
  {
    "_id": {
      "$oid": "65ec108d9884656b92f5599b"
    },
    "ppuQuantity": "50ML",
    "pricing": {
      "perUnit": "£30.00 per 100ML",
      "regular": {
        "value": 15,
        "currency": "GBP",
        "text": "£15.00"
      },
      "current": {
        "value": 15,
        "currency": "GBP",
        "text": "£15.00"
      }
    },
    "objectId": "2433080",
    "brand": "Pure&Co",
    "attributes": {
      "fragrance_scent": [
        "vanilla",
        "amber",
        "floral"
      ],
      "suitable_for": "vegan",
      "gender": "womens",
      "StockOverrideMessage": "STOCK_COMING_SOON",
      "size": "41-50",
      "fragrance_type": "eau de toilette",
      "format": "spray",
      "hasPriceAdvantageDeal": false,
      "Reporting_Category": "fragrance",
      "ProductReviewFlag": "1"
    },
    "variants": {
      "colours": [],
      "hasColours": false,
      "hasSizes": false
    },
    "categories": [
      [
        {
          "name": "vegan",
          "label": "vegan"
        },
        {
          "name": "fragrance",
          "label": "fragrance"
        },
        {
          "name": "gift",
          "label": "gift"
        },
        {
          "name": "wellness",
          "label": "wellness"
        }
      ],
      [
        {
          "name": "vegan fragrance",
          "label": "vegan > vegan fragrance"
        },
        {
          "name": "perfume",
          "label": "fragrance > perfume"
        },
        {
          "name": "gifts for her",
          "label": "gift > gifts for her"
        },
        {
          "name": "vegan",
          "label": "wellness > vegan"
        },
        {
          "name": "fragrance offers",
          "label": "fragrance > fragrance offers"
        },
        {
          "name": "fragrance exclusives",
          "label": "fragrance > fragrance exclusives"
        },
        {
          "name": "vegan fragrance",
          "label": "fragrance > vegan fragrance"
        }
      ],
      [
        {
          "name": "all perfumes",
          "label": "fragrance > perfume > all perfumes"
        },
        {
          "name": "vanilla perfume",
          "label": "fragrance > perfume > vanilla perfume"
        },
        {
          "name": "floral perfume",
          "label": "fragrance > perfume > floral perfume"
        },
        {
          "name": "amber perfume",
          "label": "fragrance > perfume > amber perfume"
        },
        {
          "name": "all perfumes",
          "label": "gift > gifts for her > all perfumes"
        },
        {
          "name": "vegan fragrance",
          "label": "wellness > vegan > vegan fragrance"
        }
      ]
    ],
    "reviews": {
      "average": 3.57,
      "count": 54,
      "rounded": 3
    },
    "parent": {
      "product": "2433079",
      "partNumber": "10285912.P",
      "model": "10285912",
      "manufacturerModel": "8967989"
    },
    "images": {
      "thumbnail": "https://boots.scene7.com/is/image/Boots/10285912?wid=45&hei=60&op_sharpen=1"
    },
    "offers": [],
    "actions": {},
    "iconUri": "https://boots.scene7.com/is/image/Boots/10285912?op_sharpen=1",
    "title": "Pure & Co Peony and Water Lily eau de toilette 50ml",
    "referenceUri": "/pure-and-co-peony-eau-de-toilette-50ml-10285912",
    "canAddToBasket": "yes",
    "opticians": false,
    "inStock": true,
    "expressDelivery": false,
    "hasOtherPromotion": false,
    "channelPromotionalTextMap": {
      "-1": [],
      "-6": []
    },
    "adCardPoints": 45
  },
  {
    "_id": {
      "$oid": "65ec108d9884656b92f5599c"
    },
    "ppuQuantity": "50ML",
    "pricing": {
      "perUnit": "£18.00 per 100ML",
      "regular": {
        "value": 9,
        "currency": "GBP",
        "text": "£9.00"
      },
      "current": {
        "value": 9,
        "currency": "GBP",
        "text": "£9.00"
      }
    },
    "objectId": "2433078",
    "brand": "Pure&Co",
    "attributes": {
      "fragrance_scent": "floral",
      "suitable_for": "vegan",
      "gender": "womens",
      "StockOverrideMessage": "STOCK_COMING_SOON",
      "size": "41-50",
      "fragrance_type": "eau de toilette",
      "format": "spray",
      "hasPriceAdvantageDeal": false,
      "Reporting_Category": "fragrance",
      "ProductReviewFlag": "1"
    },
    "variants": {
      "colours": [],
      "hasColours": false,
      "hasSizes": false
    },
    "categories": [
      [
        {
          "name": "vegan",
          "label": "vegan"
        },
        {
          "name": "fragrance",
          "label": "fragrance"
        },
        {
          "name": "gift",
          "label": "gift"
        },
        {
          "name": "wellness",
          "label": "wellness"
        }
      ],
      [
        {
          "name": "vegan fragrance",
          "label": "vegan > vegan fragrance"
        },
        {
          "name": "perfume",
          "label": "fragrance > perfume"
        },
        {
          "name": "gifts for her",
          "label": "gift > gifts for her"
        },
        {
          "name": "vegan",
          "label": "wellness > vegan"
        },
        {
          "name": "fragrance exclusives",
          "label": "fragrance > fragrance exclusives"
        },
        {
          "name": "vegan fragrance",
          "label": "fragrance > vegan fragrance"
        }
      ],
      [
        {
          "name": "all perfumes",
          "label": "fragrance > perfume > all perfumes"
        },
        {
          "name": "floral perfume",
          "label": "fragrance > perfume > floral perfume"
        },
        {
          "name": "all perfumes",
          "label": "gift > gifts for her > all perfumes"
        },
        {
          "name": "vegan fragrance",
          "label": "wellness > vegan > vegan fragrance"
        }
      ]
    ],
    "reviews": {
      "average": 3.36,
      "count": 58,
      "rounded": 3
    },
    "parent": {
      "product": "2433077",
      "partNumber": "10285910.P",
      "model": "10285910",
      "manufacturerModel": "8967962"
    },
    "images": {
      "thumbnail": "https://boots.scene7.com/is/image/Boots/10285910?wid=45&hei=60&op_sharpen=1"
    },
    "offers": [],
    "actions": {},
    "iconUri": "https://boots.scene7.com/is/image/Boots/10285910?op_sharpen=1",
    "title": "Pure & Co Mimosa and Fig Tree eau de toilette 50ml",
    "referenceUri": "/pure-and-co-mimosa-eau-de-toilette-50ml-10285910",
    "canAddToBasket": "yes",
    "opticians": false,
    "inStock": true,
    "expressDelivery": false,
    "hasOtherPromotion": false,
    "channelPromotionalTextMap": {
      "-1": [],
      "-6": []
    },
    "adCardPoints": 27
  },
  {
    "_id": {
      "$oid": "65ec108d9884656b92f5599d"
    },
    "ppuQuantity": "50ML",
    "pricing": {
      "perUnit": "£18.00 per 100ML",
      "regular": {
        "value": 9,
        "currency": "GBP",
        "text": "£9.00"
      },
      "current": {
        "value": 9,
        "currency": "GBP",
        "text": "£9.00"
      }
    },
    "objectId": "2433076",
    "brand": "Pure&Co",
    "attributes": {
      "fragrance_scent": [
        "citrus",
        "floral"
      ],
      "suitable_for": "vegan",
      "gender": "womens",
      "StockOverrideMessage": "STOCK_COMING_SOON",
      "size": "41-50",
      "fragrance_type": "eau de toilette",
      "format": "spray",
      "hasPriceAdvantageDeal": false,
      "Reporting_Category": "fragrance",
      "ProductReviewFlag": "1"
    },
    "variants": {
      "colours": [],
      "hasColours": false,
      "hasSizes": false
    },
    "categories": [
      [
        {
          "name": "vegan",
          "label": "vegan"
        },
        {
          "name": "fragrance",
          "label": "fragrance"
        },
        {
          "name": "gift",
          "label": "gift"
        },
        {
          "name": "wellness",
          "label": "wellness"
        }
      ],
      [
        {
          "name": "vegan fragrance",
          "label": "vegan > vegan fragrance"
        },
        {
          "name": "perfume",
          "label": "fragrance > perfume"
        },
        {
          "name": "gifts for her",
          "label": "gift > gifts for her"
        },
        {
          "name": "vegan",
          "label": "wellness > vegan"
        },
        {
          "name": "fragrance exclusives",
          "label": "fragrance > fragrance exclusives"
        },
        {
          "name": "vegan fragrance",
          "label": "fragrance > vegan fragrance"
        }
      ],
      [
        {
          "name": "all perfumes",
          "label": "fragrance > perfume > all perfumes"
        },
        {
          "name": "floral perfume",
          "label": "fragrance > perfume > floral perfume"
        },
        {
          "name": "all perfumes",
          "label": "gift > gifts for her > all perfumes"
        },
        {
          "name": "vegan fragrance",
          "label": "wellness > vegan > vegan fragrance"
        }
      ]
    ],
    "reviews": {
      "average": 3.07,
      "count": 61,
      "rounded": 3
    },
    "parent": {
      "product": "2433075",
      "partNumber": "10285909.P",
      "model": "10285909",
      "manufacturerModel": "8967954"
    },
    "images": {
      "thumbnail": "https://boots.scene7.com/is/image/Boots/10285909?wid=45&hei=60&op_sharpen=1"
    },
    "offers": [],
    "actions": {},
    "iconUri": "https://boots.scene7.com/is/image/Boots/10285909?op_sharpen=1",
    "title": "Pure & Co Cedrat and Orange Blossom eau de toilette 50ml",
    "referenceUri": "/pure-and-co-cedrat-eau-de-toilette-50ml-10285909",
    "canAddToBasket": "yes",
    "opticians": false,
    "inStock": true,
    "expressDelivery": false,
    "hasOtherPromotion": false,
    "channelPromotionalTextMap": {
      "-1": [],
      "-6": []
    },
    "adCardPoints": 27
  },
  {
    "_id": {
      "$oid": "65ec108d9884656b92f5599e"
    },
    "ppuQuantity": "10ML",
    "pricing": {
      "perUnit": "£314.50 per 100ML",
      "regular": {
        "value": 37,
        "currency": "GBP",
        "text": "£37.00"
      },
      "current": {
        "value": 31.45,
        "currency": "GBP",
        "text": "£31.45"
      },
      "saving": {
        "value": 5.55,
        "currency": "GBP",
        "text": "£5.55"
      }
    },
    "objectId": "2476463",
    "brand": "Tom Ford",
    "attributes": {
      "fragrance_scent": [
        "floral",
        "amber",
        "citrus"
      ],
      "StockOverrideMessage": "STOCK_COMING_SOON",
      "gender": [
        "unisex",
        "mens",
        "womens"
      ],
      "size": "0-10",
      "fragrance_type": [
        "aftershave",
        "eau de toilette"
      ],
      "format": "spray",
      "hasPriceAdvantageDeal": false,
      "Reporting_Category": "fragrance",
      "key_features": "travel-size",
      "ProductReviewFlag": "1"
    },
    "variants": {
      "colours": [],
      "hasColours": false,
      "hasSizes": false
    },
    "categories": [
      [
        {
          "name": "men's",
          "label": "men's"
        },
        {
          "name": "toiletries",
          "label": "toiletries"
        },
        {
          "name": "fragrance",
          "label": "fragrance"
        },
        {
          "name": "gift",
          "label": "gift"
        }
      ],
      [
        {
          "name": "aftershave",
          "label": "men's > aftershave"
        },
        {
          "name": "men's toiletries",
          "label": "toiletries > men's toiletries"
        },
        {
          "name": "men's toiletries",
          "label": "men's > men's toiletries"
        },
        {
          "name": "perfume",
          "label": "fragrance > perfume"
        },
        {
          "name": "aftershave",
          "label": "fragrance > aftershave"
        },
        {
          "name": "gifts for him",
          "label": "gift > gifts for him"
        },
        {
          "name": "gifts for her",
          "label": "gift > gifts for her"
        }
      ],
      [
        {
          "name": "aftershave",
          "label": "toiletries > men's toiletries > aftershave"
        },
        {
          "name": "aftershave",
          "label": "men's > men's toiletries > aftershave"
        },
        {
          "name": "all perfumes",
          "label": "fragrance > perfume > all perfumes"
        },
        {
          "name": "floral perfume",
          "label": "fragrance > perfume > floral perfume"
        },
        {
          "name": "all aftershave",
          "label": "fragrance > aftershave > all aftershave"
        },
        {
          "name": "all aftershave",
          "label": "gift > gifts for him > all aftershave"
        },
        {
          "name": "all perfumes",
          "label": "gift > gifts for her > all perfumes"
        },
        {
          "name": "all aftershave",
          "label": "men's > aftershave > all aftershave"
        }
      ],
      [
        {
          "name": "all aftershave",
          "label": "toiletries > men's toiletries > aftershave > all aftershave"
        },
        {
          "name": "all aftershave",
          "label": "men's > men's toiletries > aftershave > all aftershave"
        }
      ]
    ],
    "reviews": {
      "average": 4.36,
      "count": 516,
      "rounded": 4
    },
    "parent": {
      "product": "2476462",
      "partNumber": "10289967.P",
      "model": "10289967",
      "manufacturerModel": "2012146"
    },
    "images": {
      "thumbnail": "https://boots.scene7.com/is/image/Boots/10289967?wid=45&hei=60&op_sharpen=1"
    },
    "offers": [
      {
        "text": "Save up to 20 percent on selected fragrances"
      }
    ],
    "actions": {},
    "iconUri": "https://boots.scene7.com/is/image/Boots/10289967?op_sharpen=1",
    "title": "TOM FORD Eau De Soleil Blanc Travel Spray Eau de Toilette 10ml",
    "referenceUri": "/tom-ford-eau-de-soleil-blanc-travel-spray-eau-de-toilette-10ml-10289967",
    "canAddToBasket": "yes",
    "opticians": false,
    "inStock": false,
    "expressDelivery": false,
    "hasOtherPromotion": true,
    "channelPromotionalTextMap": {
      "-1": [
        "Save up to 20 percent on selected fragrances"
      ],
      "-6": [
        "Save up to 20 percent on selected fragrances"
      ]
    },
    "adCardPoints": 93
  },
  {
    "_id": {
      "$oid": "65ec108d9884656b92f5599f"
    },
    "ppuQuantity": null,
    "pricing": {
      "perUnit": "",
      "regular": {
        "value": 98,
        "currency": "GBP",
        "text": "£98.00"
      },
      "current": {
        "value": 41.65,
        "currency": "GBP",
        "text": "£41.65"
      },
      "saving": {
        "value": 56.35,
        "currency": "GBP",
        "text": "£56.35"
      }
    },
    "objectId": "2870233",
    "brand": "Yves Saint Laurent",
    "attributes": {
      "product_type": [
        "gift set",
        "perfume"
      ],
      "StockOverrideMessage": "STOCK_COMING_SOON",
      "gender": "womens",
      "recipient": [
        "secret santa",
        "gifts for women"
      ],
      "fragrance_type": "eau de parfum",
      "hasPriceAdvantageDeal": false,
      "gift_type": "fragrance gifts",
      "ProductReviewFlag": "1"
    },
    "variants": {
      "colours": [],
      "hasColours": false,
      "hasSizes": false
    },
    "categories": [
      [
        {
          "name": "sale",
          "label": "sale"
        },
        {
          "name": "fragrance",
          "label": "fragrance"
        },
        {
          "name": "gift",
          "label": "gift"
        }
      ],
      [
        {
          "name": "perfume",
          "label": "fragrance > perfume"
        },
        {
          "name": "fragrance gift sets",
          "label": "fragrance > fragrance gift sets"
        },
        {
          "name": "gifts for her",
          "label": "gift > gifts for her"
        },
        {
          "name": "luxury fragrance",
          "label": "fragrance > luxury fragrance"
        },
        {
          "name": "luxury gifts",
          "label": "gift > luxury gifts"
        },
        {
          "name": "all gifts",
          "label": "gift > all gifts"
        }
      ],
      [
        {
          "name": "perfume gift sets",
          "label": "fragrance > perfume > perfume gift sets"
        },
        {
          "name": "all perfumes",
          "label": "fragrance > perfume > all perfumes"
        },
        {
          "name": "perfume gift sets",
          "label": "fragrance > fragrance gift sets > perfume gift sets"
        },
        {
          "name": "all perfumes",
          "label": "gift > gifts for her > all perfumes"
        }
      ]
    ],
    "reviews": {
      "average": 4.77,
      "count": 195,
      "rounded": 4
    },
    "parent": {
      "product": "2870232",
      "partNumber": "10333174.P",
      "model": "10333174",
      "manufacturerModel": "5707595"
    },
    "images": {
      "thumbnail": "https://boots.scene7.com/is/image/Boots/10333174?wid=45&hei=60&op_sharpen=1"
    },
    "offers": [
      {
        "text": "Save 15 percent on selected fragrance"
      },
      {
        "text": "1/2 price on selected fragrance gift sets"
      }
    ],
    "actions": {},
    "iconUri": "https://boots.scene7.com/is/image/Boots/10333174?op_sharpen=1",
    "title": "YSL Black Opium eau de parfum 50ml set",
    "referenceUri": "/ysl-black-opium-eau-de-parfum-50ml-set-10333174",
    "canAddToBasket": "yes",
    "opticians": false,
    "inStock": false,
    "expressDelivery": false,
    "hasOtherPromotion": true,
    "channelPromotionalTextMap": {
      "-1": [
        "Save 15 percent on selected fragrance",
        "1/2 price on selected fragrance gift sets"
      ],
      "-6": [
        "Save 15 percent on selected fragrance",
        "1/2 price on selected fragrance gift sets"
      ]
    },
    "adCardPoints": 123
  },
  {
    "_id": {
      "$oid": "65ec108d9884656b92f559a0"
    },
    "ppuQuantity": "50ML",
    "pricing": {
      "perUnit": "£156.00 per 100ML",
      "regular": {
        "value": 78,
        "currency": "GBP",
        "text": "£78.00"
      },
      "current": {
        "value": 78,
        "currency": "GBP",
        "text": "£78.00"
      }
    },
    "objectId": "2368521",
    "brand": "Yves Saint Laurent",
    "attributes": {
      "fragrance_scent": [
        "coffee",
        "vanilla",
        "floral"
      ],
      "gender": "womens",
      "size": "41-50",
      "StockOverrideMessage": "STOCK_COMING_SOON",
      "fragrance_type": "eau de parfum",
      "format": "spray",
      "hasPriceAdvantageDeal": false,
      "Reporting_Category": "fragrance",
      "ProductReviewFlag": "1"
    },
    "variants": {
      "colours": [],
      "hasColours": false,
      "hasSizes": false
    },
    "categories": [
      [
        {
          "name": "fragrance",
          "label": "fragrance"
        },
        {
          "name": "gift",
          "label": "gift"
        }
      ],
      [
        {
          "name": "5* rated perfumes & aftershaves",
          "label": "fragrance > 5* rated perfumes & aftershaves"
        },
        {
          "name": "perfume",
          "label": "fragrance > perfume"
        },
        {
          "name": "fragrance offers",
          "label": "fragrance > fragrance offers"
        },
        {
          "name": "gifts for her",
          "label": "gift > gifts for her"
        }
      ],
      [
        {
          "name": "all perfumes",
          "label": "fragrance > perfume > all perfumes"
        },
        {
          "name": "Save 15% on 100s of fragrances",
          "label": "fragrance > fragrance offers > Save 15% on 100s of fragrances"
        },
        {
          "name": "all perfumes",
          "label": "gift > gifts for her > all perfumes"
        }
      ]
    ],
    "reviews": {
      "average": 5,
      "count": 1,
      "rounded": 5
    },
    "parent": {
      "product": "2368520",
      "partNumber": "10277186.P",
      "model": "10277186",
      "manufacturerModel": "8798524"
    },
    "images": {
      "thumbnail": "https://boots.scene7.com/is/image/Boots/10277186?wid=45&hei=60&op_sharpen=1"
    },
    "offers": [],
    "actions": {},
    "iconUri": "https://boots.scene7.com/is/image/Boots/10277186?op_sharpen=1",
    "title": "YSL Black Opium Storm Illusion Eau de Parfum 50ml",
    "referenceUri": "/yves-saint-laurent-black-opium-storm-illusion-eau-de-parfum-50ml-10277186",
    "canAddToBasket": "yes",
    "opticians": false,
    "inStock": false,
    "expressDelivery": false,
    "hasOtherPromotion": false,
    "channelPromotionalTextMap": {
      "-1": [],
      "-6": []
    },
    "adCardPoints": 234
  },
  {
    "_id": {
      "$oid": "65ec108d9884656b92f559a1"
    },
    "ppuQuantity": "90ML",
    "pricing": {
      "perUnit": "£99.17 per 100ML",
      "regular": {
        "value": 105,
        "currency": "GBP",
        "text": "£105.00"
      },
      "current": {
        "value": 89.25,
        "currency": "GBP",
        "text": "£89.25"
      },
      "saving": {
        "value": 15.75,
        "currency": "GBP",
        "text": "£15.75"
      }
    },
    "objectId": "1128214",
    "brand": "Yves Saint Laurent",
    "attributes": {
      "fragrance_scent": [
        "amber",
        "aromatic",
        "fruity",
        "citrus",
        "woody",
        "floral"
      ],
      "gender": "womens",
      "StockOverrideMessage": "STOCK_COMING_SOON",
      "Size": "90ml",
      "parentCategory_UK": "33071",
      "fragrance_type": "eau de toilette",
      "hasPriceAdvantageDeal": false,
      "Reporting_Category": "fragrance",
      "ProductReviewFlag": "1"
    },
    "variants": {
      "colours": [],
      "hasColours": false,
      "hasSizes": false
    },
    "categories": [
      [
        {
          "name": "fragrance",
          "label": "fragrance"
        },
        {
          "name": "gift",
          "label": "gift"
        }
      ],
      [
        {
          "name": "5* rated perfumes & aftershaves",
          "label": "fragrance > 5* rated perfumes & aftershaves"
        },
        {
          "name": "perfume",
          "label": "fragrance > perfume"
        },
        {
          "name": "fragrance offers",
          "label": "fragrance > fragrance offers"
        },
        {
          "name": "gifts for her",
          "label": "gift > gifts for her"
        }
      ],
      [
        {
          "name": "all perfumes",
          "label": "fragrance > perfume > all perfumes"
        },
        {
          "name": "floral perfume",
          "label": "fragrance > perfume > floral perfume"
        },
        {
          "name": "amber perfume",
          "label": "fragrance > perfume > amber perfume"
        },
        {
          "name": "Save 15% on 100s of fragrances",
          "label": "fragrance > fragrance offers > Save 15% on 100s of fragrances"
        },
        {
          "name": "all perfumes",
          "label": "gift > gifts for her > all perfumes"
        }
      ]
    ],
    "reviews": {
      "average": 4.66,
      "count": 56,
      "rounded": 4
    },
    "parent": {
      "product": "1128213",
      "partNumber": "10114912.P",
      "model": "10114912",
      "manufacturerModel": "5961408"
    },
    "images": {
      "thumbnail": "https://boots.scene7.com/is/image/Boots/10114912?wid=45&hei=60&op_sharpen=1"
    },
    "offers": [
      {
        "text": "Save up to 20 percent on selected fragrances"
      }
    ],
    "actions": {},
    "iconUri": "https://boots.scene7.com/is/image/Boots/10114912?op_sharpen=1",
    "title": "YSL Opium Eau de Toilette 90ml",
    "referenceUri": "/yves-saint-laurent-opium-eau-de-toilette-90ml-10114912",
    "canAddToBasket": "yes",
    "opticians": false,
    "inStock": false,
    "expressDelivery": false,
    "hasOtherPromotion": true,
    "channelPromotionalTextMap": {
      "-1": [
        "Save up to 20 percent on selected fragrances"
      ],
      "-6": [
        "Save up to 20 percent on selected fragrances"
      ]
    },
    "adCardPoints": 267
  },
  {
    "_id": {
      "$oid": "65ec108d9884656b92f559a2"
    },
    "ppuQuantity": null,
    "pricing": {
      "perUnit": "",
      "regular": {
        "value": 98,
        "currency": "GBP",
        "text": "£98.00"
      },
      "current": {
        "value": 41.65,
        "currency": "GBP",
        "text": "£41.65"
      },
      "saving": {
        "value": 56.35,
        "currency": "GBP",
        "text": "£56.35"
      }
    },
    "objectId": "2870249",
    "brand": "Yves Saint Laurent",
    "attributes": {
      "product_type": [
        "gift set",
        "perfume"
      ],
      "StockOverrideMessage": "STOCK_COMING_SOON",
      "gender": "womens",
      "recipient": [
        "secret santa",
        "gifts for women"
      ],
      "fragrance_type": "eau de parfum",
      "hasPriceAdvantageDeal": false,
      "gift_type": "fragrance gifts",
      "ProductReviewFlag": "1"
    },
    "variants": {
      "colours": [],
      "hasColours": false,
      "hasSizes": false
    },
    "categories": [
      [
        {
          "name": "fragrance",
          "label": "fragrance"
        },
        {
          "name": "gift",
          "label": "gift"
        }
      ],
      [
        {
          "name": "perfume",
          "label": "fragrance > perfume"
        },
        {
          "name": "fragrance gift sets",
          "label": "fragrance > fragrance gift sets"
        },
        {
          "name": "gifts for her",
          "label": "gift > gifts for her"
        },
        {
          "name": "luxury fragrance",
          "label": "fragrance > luxury fragrance"
        },
        {
          "name": "luxury gifts",
          "label": "gift > luxury gifts"
        },
        {
          "name": "all gifts",
          "label": "gift > all gifts"
        }
      ],
      [
        {
          "name": "perfume gift sets",
          "label": "fragrance > perfume > perfume gift sets"
        },
        {
          "name": "all perfumes",
          "label": "fragrance > perfume > all perfumes"
        },
        {
          "name": "perfume gift sets",
          "label": "fragrance > fragrance gift sets > perfume gift sets"
        },
        {
          "name": "all perfumes",
          "label": "gift > gifts for her > all perfumes"
        }
      ]
    ],
    "reviews": {
      "average": 4.59,
      "count": 153,
      "rounded": 4
    },
    "parent": {
      "product": "2870248",
      "partNumber": "10333176.P",
      "model": "10333176",
      "manufacturerModel": "5707617"
    },
    "images": {
      "thumbnail": "https://boots.scene7.com/is/image/Boots/10333176?wid=45&hei=60&op_sharpen=1"
    },
    "offers": [
      {
        "text": "Save 15 percent on selected fragrance"
      },
      {
        "text": "1/2 price on selected fragrance gift sets"
      }
    ],
    "actions": {},
    "iconUri": "https://boots.scene7.com/is/image/Boots/10333176?op_sharpen=1",
    "title": "YSL Libre eau de parfum 50ml set",
    "referenceUri": "/ysl-libre-eau-de-parfum-50ml-set-10333176",
    "canAddToBasket": "yes",
    "opticians": false,
    "inStock": false,
    "expressDelivery": false,
    "hasOtherPromotion": true,
    "channelPromotionalTextMap": {
      "-1": [
        "Save 15 percent on selected fragrance",
        "1/2 price on selected fragrance gift sets"
      ],
      "-6": [
        "Save 15 percent on selected fragrance",
        "1/2 price on selected fragrance gift sets"
      ]
    },
    "adCardPoints": 123
  },
  {
    "_id": {
      "$oid": "65ec108d9884656b92f559a3"
    },
    "ppuQuantity": "200ML",
    "pricing": {
      "perUnit": "£37.50 per 100ML",
      "regular": {
        "value": 75,
        "currency": "GBP",
        "text": "£75.00"
      },
      "current": {
        "value": 75,
        "currency": "GBP",
        "text": "£75.00"
      }
    },
    "objectId": "2717137",
    "brand": "Paco Rabanne",
    "attributes": {
      "fragrance_scent": [
        "woody",
        "fruity",
        "jasmine",
        "vanilla",
        "floral"
      ],
      "gender": "womens",
      "StockOverrideMessage": "STOCK_COMING_SOON",
      "size": "151-200",
      "fragrance_type": "eau de parfum",
      "hasPriceAdvantageDeal": false,
      "ProductReviewFlag": "1"
    },
    "variants": {
      "colours": [],
      "hasColours": false,
      "hasSizes": false
    },
    "categories": [
      [
        {
          "name": "fragrance",
          "label": "fragrance"
        },
        {
          "name": "gift",
          "label": "gift"
        }
      ],
      [
        {
          "name": "5* rated perfumes & aftershaves",
          "label": "fragrance > 5* rated perfumes & aftershaves"
        },
        {
          "name": "perfume",
          "label": "fragrance > perfume"
        },
        {
          "name": "gifts for her",
          "label": "gift > gifts for her"
        }
      ],
      [
        {
          "name": "all perfumes",
          "label": "fragrance > perfume > all perfumes"
        },
        {
          "name": "all perfumes",
          "label": "gift > gifts for her > all perfumes"
        }
      ]
    ],
    "reviews": {
      "average": 4.75,
      "count": 3711,
      "rounded": 4
    },
    "parent": {
      "product": "2717136",
      "partNumber": "10317228.P",
      "model": "10317228",
      "manufacturerModel": "4139801"
    },
    "images": {
      "thumbnail": "https://boots.scene7.com/is/image/Boots/10317228?wid=45&hei=60&op_sharpen=1"
    },
    "offers": [
      {
        "text": "Clearance - when its gone its gone"
      }
    ],
    "actions": {},
    "iconUri": "https://boots.scene7.com/is/image/Boots/10317228?op_sharpen=1",
    "title": "Rabanne Fame Eau De Parfum Refill Bottle 200ml",
    "referenceUri": "/paco-rabanne-fame-eau-de-parfum-refill-bottle-200ml-10317228",
    "canAddToBasket": "yes",
    "opticians": false,
    "inStock": false,
    "expressDelivery": false,
    "hasOtherPromotion": true,
    "channelPromotionalTextMap": {
      "-1": [
        "Clearance - when its gone its gone"
      ],
      "-6": [
        "Clearance - when its gone its gone"
      ]
    },
    "adCardPoints": 225
  },
  {
    "_id": {
      "$oid": "65ec108d9884656b92f559a4"
    },
    "ppuQuantity": null,
    "pricing": {
      "perUnit": "",
      "regular": {
        "value": 79,
        "currency": "GBP",
        "text": "£79.00"
      },
      "current": {
        "value": 39.5,
        "currency": "GBP",
        "text": "£39.50"
      },
      "saving": {
        "value": 39.5,
        "currency": "GBP",
        "text": "£39.50"
      }
    },
    "objectId": "2850160",
    "brand": "Marc Jacobs",
    "attributes": {
      "fragrance_scent": "fruity",
      "product_type": [
        "body spray",
        "gift set"
      ],
      "StockOverrideMessage": "STOCK_COMING_SOON",
      "gender": "womens",
      "fragrance_type": "eau de toilette",
      "recipient": [
        "gifts for women",
        "secret santa"
      ],
      "hasPriceAdvantageDeal": false,
      "gift_type": "fragrance gifts",
      "key_features": "long lasting",
      "ProductReviewFlag": "1"
    },
    "variants": {
      "colours": [],
      "hasColours": false,
      "hasSizes": false
    },
    "categories": [
      [
        {
          "name": "fragrance",
          "label": "fragrance"
        },
        {
          "name": "gift",
          "label": "gift"
        }
      ],
      [
        {
          "name": "perfume",
          "label": "fragrance > perfume"
        },
        {
          "name": "fragrance gift sets",
          "label": "fragrance > fragrance gift sets"
        },
        {
          "name": "gifts for her",
          "label": "gift > gifts for her"
        },
        {
          "name": "luxury fragrance",
          "label": "fragrance > luxury fragrance"
        },
        {
          "name": "luxury gifts",
          "label": "gift > luxury gifts"
        },
        {
          "name": "all gifts",
          "label": "gift > all gifts"
        }
      ],
      [
        {
          "name": "perfume gift sets",
          "label": "fragrance > perfume > perfume gift sets"
        },
        {
          "name": "all perfumes",
          "label": "fragrance > perfume > all perfumes"
        },
        {
          "name": "perfume gift sets",
          "label": "fragrance > fragrance gift sets > perfume gift sets"
        },
        {
          "name": "all perfumes",
          "label": "gift > gifts for her > all perfumes"
        }
      ]
    ],
    "reviews": {
      "average": 4.69,
      "count": 194,
      "rounded": 4
    },
    "parent": {
      "product": "2850159",
      "partNumber": "10330260.P",
      "model": "10330260",
      "manufacturerModel": "5711614"
    },
    "images": {
      "thumbnail": "https://boots.scene7.com/is/image/Boots/10330260?wid=45&hei=60&op_sharpen=1"
    },
    "offers": [
      {
        "text": "1/2 price on selected fragrance gift sets"
      }
    ],
    "actions": {},
    "iconUri": "https://boots.scene7.com/is/image/Boots/10330260?op_sharpen=1",
    "title": "Marc Jacobs Daisy Eau So Fresh Eau De Toilette 75ml Giftset",
    "referenceUri": "/marc-jacobs-daisy-eau-so-fresh-eau-de-toilette-75ml-giftset-10330260",
    "canAddToBasket": "yes",
    "opticians": false,
    "inStock": false,
    "expressDelivery": false,
    "hasOtherPromotion": true,
    "channelPromotionalTextMap": {
      "-1": [
        "1/2 price on selected fragrance gift sets"
      ],
      "-6": [
        "1/2 price on selected fragrance gift sets"
      ]
    },
    "adCardPoints": 117
  },
  {
    "_id": {
      "$oid": "65ec108d9884656b92f559a5"
    },
    "ppuQuantity": null,
    "pricing": {
      "perUnit": "",
      "regular": {
        "value": 73,
        "currency": "GBP",
        "text": "£73.00"
      },
      "current": {
        "value": 36.5,
        "currency": "GBP",
        "text": "£36.50"
      },
      "saving": {
        "value": 36.5,
        "currency": "GBP",
        "text": "£36.50"
      }
    },
    "objectId": "2850166",
    "brand": "Marc Jacobs",
    "attributes": {
      "fragrance_scent": "floral",
      "product_type": [
        "body spray",
        "gift set"
      ],
      "StockOverrideMessage": "STOCK_COMING_SOON",
      "gender": "womens",
      "fragrance_type": "eau de toilette",
      "recipient": [
        "gifts for women",
        "secret santa"
      ],
      "hasPriceAdvantageDeal": false,
      "gift_type": "fragrance gifts",
      "key_features": "long lasting",
      "ProductReviewFlag": "1"
    },
    "variants": {
      "colours": [],
      "hasColours": false,
      "hasSizes": false
    },
    "categories": [
      [
        {
          "name": "fragrance",
          "label": "fragrance"
        },
        {
          "name": "gift",
          "label": "gift"
        }
      ],
      [
        {
          "name": "perfume",
          "label": "fragrance > perfume"
        },
        {
          "name": "fragrance gift sets",
          "label": "fragrance > fragrance gift sets"
        },
        {
          "name": "gifts for her",
          "label": "gift > gifts for her"
        },
        {
          "name": "luxury fragrance",
          "label": "fragrance > luxury fragrance"
        },
        {
          "name": "luxury gifts",
          "label": "gift > luxury gifts"
        },
        {
          "name": "all gifts",
          "label": "gift > all gifts"
        }
      ],
      [
        {
          "name": "perfume gift sets",
          "label": "fragrance > perfume > perfume gift sets"
        },
        {
          "name": "all perfumes",
          "label": "fragrance > perfume > all perfumes"
        },
        {
          "name": "perfume gift sets",
          "label": "fragrance > fragrance gift sets > perfume gift sets"
        },
        {
          "name": "all perfumes",
          "label": "gift > gifts for her > all perfumes"
        }
      ]
    ],
    "reviews": {
      "average": 4.86,
      "count": 88,
      "rounded": 4
    },
    "parent": {
      "product": "2850165",
      "partNumber": "10330263.P",
      "model": "10330263",
      "manufacturerModel": "5711649"
    },
    "images": {
      "thumbnail": "https://boots.scene7.com/is/image/Boots/10330263?wid=45&hei=60&op_sharpen=1"
    },
    "offers": [
      {
        "text": "1/2 price on selected fragrance gift sets"
      }
    ],
    "actions": {},
    "iconUri": "https://boots.scene7.com/is/image/Boots/10330263?op_sharpen=1",
    "title": "Marc Jacobs Daisy Love Eau De Toilette 50ml Giftset",
    "referenceUri": "/marc-jacobs-daisy-love-eau-de-toilette-50ml-giftset-10330263",
    "canAddToBasket": "yes",
    "opticians": false,
    "inStock": false,
    "expressDelivery": false,
    "hasOtherPromotion": true,
    "channelPromotionalTextMap": {
      "-1": [
        "1/2 price on selected fragrance gift sets"
      ],
      "-6": [
        "1/2 price on selected fragrance gift sets"
      ]
    },
    "adCardPoints": 108
  },
  {
    "_id": {
      "$oid": "65ec108d9884656b92f559a6"
    },
    "ppuQuantity": null,
    "pricing": {
      "perUnit": "",
      "regular": {
        "value": 73,
        "currency": "GBP",
        "text": "£73.00"
      },
      "current": {
        "value": 36.5,
        "currency": "GBP",
        "text": "£36.50"
      },
      "saving": {
        "value": 36.5,
        "currency": "GBP",
        "text": "£36.50"
      }
    },
    "objectId": "2850156",
    "brand": "Marc Jacobs",
    "attributes": {
      "fragrance_scent": "floral",
      "product_type": [
        "body spray",
        "gift set"
      ],
      "StockOverrideMessage": "STOCK_COMING_SOON",
      "gender": "womens",
      "fragrance_type": "eau de toilette",
      "recipient": [
        "gifts for women",
        "secret santa"
      ],
      "hasPriceAdvantageDeal": false,
      "gift_type": "fragrance gifts",
      "key_features": "long lasting",
      "ProductReviewFlag": "1"
    },
    "variants": {
      "colours": [],
      "hasColours": false,
      "hasSizes": false
    },
    "categories": [
      [
        {
          "name": "fragrance",
          "label": "fragrance"
        },
        {
          "name": "gift",
          "label": "gift"
        }
      ],
      [
        {
          "name": "perfume",
          "label": "fragrance > perfume"
        },
        {
          "name": "fragrance gift sets",
          "label": "fragrance > fragrance gift sets"
        },
        {
          "name": "gifts for her",
          "label": "gift > gifts for her"
        },
        {
          "name": "luxury fragrance",
          "label": "fragrance > luxury fragrance"
        },
        {
          "name": "luxury gifts",
          "label": "gift > luxury gifts"
        },
        {
          "name": "all gifts",
          "label": "gift > all gifts"
        }
      ],
      [
        {
          "name": "perfume gift sets",
          "label": "fragrance > perfume > perfume gift sets"
        },
        {
          "name": "all perfumes",
          "label": "fragrance > perfume > all perfumes"
        },
        {
          "name": "perfume gift sets",
          "label": "fragrance > fragrance gift sets > perfume gift sets"
        },
        {
          "name": "all perfumes",
          "label": "gift > gifts for her > all perfumes"
        }
      ]
    ],
    "reviews": {
      "average": 4.82,
      "count": 253,
      "rounded": 4
    },
    "parent": {
      "product": "2850155",
      "partNumber": "10330258.P",
      "model": "10330258",
      "manufacturerModel": "5711592"
    },
    "images": {
      "thumbnail": "https://boots.scene7.com/is/image/Boots/10330258?wid=45&hei=60&op_sharpen=1"
    },
    "offers": [
      {
        "text": "1/2 price on selected fragrance gift sets"
      }
    ],
    "actions": {},
    "iconUri": "https://boots.scene7.com/is/image/Boots/10330258?op_sharpen=1",
    "title": "Marc Jacobs Daisy Eau De Toilette 50ml Giftset",
    "referenceUri": "/marc-jacobs-daisy-eau-de-toilette-50ml-giftset-10330258",
    "canAddToBasket": "yes",
    "opticians": false,
    "inStock": false,
    "expressDelivery": false,
    "hasOtherPromotion": true,
    "channelPromotionalTextMap": {
      "-1": [
        "1/2 price on selected fragrance gift sets"
      ],
      "-6": [
        "1/2 price on selected fragrance gift sets"
      ]
    },
    "adCardPoints": 108
  },
  {
    "_id": {
      "$oid": "65ec108d9884656b92f559a7"
    },
    "ppuQuantity": null,
    "pricing": {
      "perUnit": "",
      "regular": {
        "value": 89,
        "currency": "GBP",
        "text": "£89.00"
      },
      "current": {
        "value": 44.5,
        "currency": "GBP",
        "text": "£44.50"
      },
      "saving": {
        "value": 44.5,
        "currency": "GBP",
        "text": "£44.50"
      }
    },
    "objectId": "2850162",
    "brand": "Marc Jacobs",
    "attributes": {
      "fragrance_scent": "floral",
      "product_type": [
        "body spray",
        "gift set"
      ],
      "StockOverrideMessage": "STOCK_COMING_SOON",
      "gender": "unisex",
      "fragrance_type": "eau de parfum",
      "recipient": [
        "secret santa",
        "gifts for couples"
      ],
      "hasPriceAdvantageDeal": false,
      "gift_type": "fragrance gifts",
      "key_features": "long lasting",
      "ProductReviewFlag": "1"
    },
    "variants": {
      "colours": [],
      "hasColours": false,
      "hasSizes": false
    },
    "categories": [
      [
        {
          "name": "fragrance",
          "label": "fragrance"
        },
        {
          "name": "toiletries",
          "label": "toiletries"
        },
        {
          "name": "men's",
          "label": "men's"
        },
        {
          "name": "gift",
          "label": "gift"
        }
      ],
      [
        {
          "name": "men's toiletries",
          "label": "toiletries > men's toiletries"
        },
        {
          "name": "men's toiletries",
          "label": "men's > men's toiletries"
        },
        {
          "name": "perfume",
          "label": "fragrance > perfume"
        },
        {
          "name": "aftershave",
          "label": "fragrance > aftershave"
        },
        {
          "name": "fragrance gift sets",
          "label": "fragrance > fragrance gift sets"
        },
        {
          "name": "gifts for him",
          "label": "gift > gifts for him"
        },
        {
          "name": "gifts for her",
          "label": "gift > gifts for her"
        },
        {
          "name": "aftershave",
          "label": "men's > aftershave"
        },
        {
          "name": "luxury fragrance",
          "label": "fragrance > luxury fragrance"
        },
        {
          "name": "luxury gifts",
          "label": "gift > luxury gifts"
        },
        {
          "name": "all gifts",
          "label": "gift > all gifts"
        }
      ],
      [
        {
          "name": "aftershave",
          "label": "toiletries > men's toiletries > aftershave"
        },
        {
          "name": "aftershave",
          "label": "men's > men's toiletries > aftershave"
        },
        {
          "name": "perfume gift sets",
          "label": "fragrance > perfume > perfume gift sets"
        },
        {
          "name": "all perfumes",
          "label": "fragrance > perfume > all perfumes"
        },
        {
          "name": "all aftershave",
          "label": "fragrance > aftershave > all aftershave"
        },
        {
          "name": "aftershave gift sets",
          "label": "fragrance > aftershave > aftershave gift sets"
        },
        {
          "name": "perfume gift sets",
          "label": "fragrance > fragrance gift sets > perfume gift sets"
        },
        {
          "name": "aftershave gift sets",
          "label": "fragrance > fragrance gift sets > aftershave gift sets"
        },
        {
          "name": "all aftershave",
          "label": "gift > gifts for him > all aftershave"
        },
        {
          "name": "all perfumes",
          "label": "gift > gifts for her > all perfumes"
        },
        {
          "name": "all aftershave",
          "label": "men's > aftershave > all aftershave"
        },
        {
          "name": "aftershave gift sets",
          "label": "men's > aftershave > aftershave gift sets"
        }
      ],
      [
        {
          "name": "all aftershave",
          "label": "toiletries > men's toiletries > aftershave > all aftershave"
        },
        {
          "name": "aftershave gift sets",
          "label": "toiletries > men's toiletries > aftershave > aftershave gift sets"
        },
        {
          "name": "all aftershave",
          "label": "men's > men's toiletries > aftershave > all aftershave"
        },
        {
          "name": "aftershave gift sets",
          "label": "men's > men's toiletries > aftershave > aftershave gift sets"
        }
      ]
    ],
    "reviews": {
      "average": 4.68,
      "count": 96,
      "rounded": 4
    },
    "parent": {
      "product": "2850161",
      "partNumber": "10330261.P",
      "model": "10330261",
      "manufacturerModel": "5711622"
    },
    "images": {
      "thumbnail": "https://boots.scene7.com/is/image/Boots/10330261?wid=45&hei=60&op_sharpen=1"
    },
    "offers": [
      {
        "text": "1/2 price on selected fragrance gift sets"
      }
    ],
    "actions": {},
    "iconUri": "https://boots.scene7.com/is/image/Boots/10330261?op_sharpen=1",
    "title": "Marc Jacobs Perfect Eau De Parfum 50ml Giftset",
    "referenceUri": "/marc-jacobs-perfect-eau-de-parfum-50ml-giftset-10330261",
    "canAddToBasket": "yes",
    "opticians": false,
    "inStock": false,
    "expressDelivery": false,
    "hasOtherPromotion": true,
    "channelPromotionalTextMap": {
      "-1": [
        "1/2 price on selected fragrance gift sets"
      ],
      "-6": [
        "1/2 price on selected fragrance gift sets"
      ]
    },
    "adCardPoints": 132
  },
  {
    "_id": {
      "$oid": "65ec108d9884656b92f559a8"
    },
    "ppuQuantity": null,
    "pricing": {
      "perUnit": "",
      "regular": {
        "value": 97,
        "currency": "GBP",
        "text": "£97.00"
      },
      "current": {
        "value": 48.5,
        "currency": "GBP",
        "text": "£48.50"
      },
      "saving": {
        "value": 48.5,
        "currency": "GBP",
        "text": "£48.50"
      }
    },
    "objectId": "2850158",
    "brand": "Marc Jacobs",
    "attributes": {
      "fragrance_scent": "floral",
      "product_type": [
        "body spray",
        "gift set"
      ],
      "StockOverrideMessage": "STOCK_COMING_SOON",
      "gender": "womens",
      "fragrance_type": "eau de toilette",
      "recipient": [
        "gifts for women",
        "secret santa"
      ],
      "hasPriceAdvantageDeal": false,
      "gift_type": "fragrance gifts",
      "key_features": "long lasting",
      "ProductReviewFlag": "1"
    },
    "variants": {
      "colours": [],
      "hasColours": false,
      "hasSizes": false
    },
    "categories": [
      [
        {
          "name": "fragrance",
          "label": "fragrance"
        },
        {
          "name": "gift",
          "label": "gift"
        }
      ],
      [
        {
          "name": "perfume",
          "label": "fragrance > perfume"
        },
        {
          "name": "fragrance gift sets",
          "label": "fragrance > fragrance gift sets"
        },
        {
          "name": "gifts for her",
          "label": "gift > gifts for her"
        },
        {
          "name": "luxury fragrance",
          "label": "fragrance > luxury fragrance"
        },
        {
          "name": "luxury gifts",
          "label": "gift > luxury gifts"
        },
        {
          "name": "all gifts",
          "label": "gift > all gifts"
        }
      ],
      [
        {
          "name": "perfume gift sets",
          "label": "fragrance > perfume > perfume gift sets"
        },
        {
          "name": "all perfumes",
          "label": "fragrance > perfume > all perfumes"
        },
        {
          "name": "perfume gift sets",
          "label": "fragrance > fragrance gift sets > perfume gift sets"
        },
        {
          "name": "all perfumes",
          "label": "gift > gifts for her > all perfumes"
        }
      ]
    ],
    "reviews": {
      "average": 4.54,
      "count": 1285,
      "rounded": 4
    },
    "parent": {
      "product": "2850157",
      "partNumber": "10330259.P",
      "model": "10330259",
      "manufacturerModel": "5711606"
    },
    "images": {
      "thumbnail": "https://boots.scene7.com/is/image/Boots/10330259?wid=45&hei=60&op_sharpen=1"
    },
    "offers": [
      {
        "text": "1/2 price on selected fragrance gift sets"
      }
    ],
    "actions": {},
    "iconUri": "https://boots.scene7.com/is/image/Boots/10330259?op_sharpen=1",
    "title": "Marc Jacobs Daisy Eau De Toilette 100ml Giftset",
    "referenceUri": "/marc-jacobs-daisy-eau-de-toilette-100ml-giftset-10330259",
    "canAddToBasket": "yes",
    "opticians": false,
    "inStock": false,
    "expressDelivery": false,
    "hasOtherPromotion": true,
    "channelPromotionalTextMap": {
      "-1": [
        "1/2 price on selected fragrance gift sets"
      ],
      "-6": [
        "1/2 price on selected fragrance gift sets"
      ]
    },
    "adCardPoints": 144
  },
  {
    "_id": {
      "$oid": "65ec108d9884656b92f559a9"
    },
    "ppuQuantity": "50ML",
    "pricing": {
      "perUnit": "£100.00 per 100ML",
      "regular": {
        "value": 100,
        "currency": "GBP",
        "text": "£100.00"
      },
      "current": {
        "value": 50,
        "currency": "GBP",
        "text": "£50.00"
      },
      "saving": {
        "value": 50,
        "currency": "GBP",
        "text": "£50.00"
      }
    },
    "objectId": "2849607",
    "brand": "Gucci",
    "attributes": {
      "fragrance_scent": "amber",
      "product_type": [
        "gift set",
        "body spray"
      ],
      "StockOverrideMessage": "STOCK_COMING_SOON",
      "gender": "womens",
      "fragrance_type": "eau de parfum",
      "recipient": [
        "secret santa",
        "gifts for women"
      ],
      "hasPriceAdvantageDeal": false,
      "gift_type": "fragrance gifts",
      "key_features": "long lasting",
      "ProductReviewFlag": "1"
    },
    "variants": {
      "colours": [],
      "hasColours": false,
      "hasSizes": false
    },
    "categories": [
      [
        {
          "name": "fragrance",
          "label": "fragrance"
        },
        {
          "name": "gift",
          "label": "gift"
        }
      ],
      [
        {
          "name": "perfume",
          "label": "fragrance > perfume"
        },
        {
          "name": "fragrance gift sets",
          "label": "fragrance > fragrance gift sets"
        },
        {
          "name": "gifts for her",
          "label": "gift > gifts for her"
        },
        {
          "name": "luxury fragrance",
          "label": "fragrance > luxury fragrance"
        },
        {
          "name": "luxury gifts",
          "label": "gift > luxury gifts"
        },
        {
          "name": "all gifts",
          "label": "gift > all gifts"
        }
      ],
      [
        {
          "name": "perfume gift sets",
          "label": "fragrance > perfume > perfume gift sets"
        },
        {
          "name": "all perfumes",
          "label": "fragrance > perfume > all perfumes"
        },
        {
          "name": "perfume gift sets",
          "label": "fragrance > fragrance gift sets > perfume gift sets"
        },
        {
          "name": "all perfumes",
          "label": "gift > gifts for her > all perfumes"
        }
      ]
    ],
    "reviews": {
      "average": 4.55,
      "count": 130,
      "rounded": 4
    },
    "parent": {
      "product": "2849606",
      "partNumber": "10330185.P",
      "model": "10330185",
      "manufacturerModel": "5709407"
    },
    "images": {
      "thumbnail": "https://boots.scene7.com/is/image/Boots/10330185?wid=45&hei=60&op_sharpen=1"
    },
    "offers": [
      {
        "text": "1/2 price on selected fragrance gift sets"
      }
    ],
    "actions": {},
    "iconUri": "https://boots.scene7.com/is/image/Boots/10330185?op_sharpen=1",
    "title": "Gucci Guilty For Her Eau de Parfum 50ml Giftset",
    "referenceUri": "/gucci-guilty-for-her-eau-de-parfum-50ml-giftset-10330185",
    "canAddToBasket": "yes",
    "opticians": false,
    "inStock": false,
    "expressDelivery": false,
    "hasOtherPromotion": true,
    "channelPromotionalTextMap": {
      "-1": [
        "1/2 price on selected fragrance gift sets"
      ],
      "-6": [
        "1/2 price on selected fragrance gift sets"
      ]
    },
    "adCardPoints": 150
  },
  {
    "_id": {
      "$oid": "65ec108d9884656b92f559aa"
    },
    "ppuQuantity": "50ML",
    "pricing": {
      "perUnit": "£105.00 per 100ML",
      "regular": {
        "value": 105,
        "currency": "GBP",
        "text": "£105.00"
      },
      "current": {
        "value": 52.5,
        "currency": "GBP",
        "text": "£52.50"
      },
      "saving": {
        "value": 52.5,
        "currency": "GBP",
        "text": "£52.50"
      }
    },
    "objectId": "2849613",
    "brand": "Gucci",
    "attributes": {
      "fragrance_scent": "floral",
      "product_type": [
        "gift set",
        "body spray"
      ],
      "StockOverrideMessage": "STOCK_COMING_SOON",
      "gender": "womens",
      "fragrance_type": "eau de parfum",
      "recipient": [
        "secret santa",
        "gifts for women"
      ],
      "hasPriceAdvantageDeal": false,
      "gift_type": "fragrance gifts",
      "key_features": "long lasting",
      "ProductReviewFlag": "1"
    },
    "variants": {
      "colours": [],
      "hasColours": false,
      "hasSizes": false
    },
    "categories": [
      [
        {
          "name": "fragrance",
          "label": "fragrance"
        },
        {
          "name": "gift",
          "label": "gift"
        }
      ],
      [
        {
          "name": "perfume",
          "label": "fragrance > perfume"
        },
        {
          "name": "fragrance gift sets",
          "label": "fragrance > fragrance gift sets"
        },
        {
          "name": "gifts for her",
          "label": "gift > gifts for her"
        },
        {
          "name": "luxury fragrance",
          "label": "fragrance > luxury fragrance"
        },
        {
          "name": "luxury gifts",
          "label": "gift > luxury gifts"
        },
        {
          "name": "all gifts",
          "label": "gift > all gifts"
        }
      ],
      [
        {
          "name": "perfume gift sets",
          "label": "fragrance > perfume > perfume gift sets"
        },
        {
          "name": "all perfumes",
          "label": "fragrance > perfume > all perfumes"
        },
        {
          "name": "perfume gift sets",
          "label": "fragrance > fragrance gift sets > perfume gift sets"
        },
        {
          "name": "all perfumes",
          "label": "gift > gifts for her > all perfumes"
        }
      ]
    ],
    "reviews": {
      "average": 4.76,
      "count": 302,
      "rounded": 4
    },
    "parent": {
      "product": "2849612",
      "partNumber": "10330188.P",
      "model": "10330188",
      "manufacturerModel": "5709431"
    },
    "images": {
      "thumbnail": "https://boots.scene7.com/is/image/Boots/10330188?wid=45&hei=60&op_sharpen=1"
    },
    "offers": [
      {
        "text": "1/2 price on selected fragrance gift sets"
      }
    ],
    "actions": {},
    "iconUri": "https://boots.scene7.com/is/image/Boots/10330188?op_sharpen=1",
    "title": "Gucci Flora Gorgeous Magnolia Eau de Parfum 50ml Giftset",
    "referenceUri": "/gucci-flora-gorgeous-magnolia-eau-de-parfum-50ml-giftset-10330188",
    "canAddToBasket": "yes",
    "opticians": false,
    "inStock": false,
    "expressDelivery": false,
    "hasOtherPromotion": true,
    "channelPromotionalTextMap": {
      "-1": [
        "1/2 price on selected fragrance gift sets"
      ],
      "-6": [
        "1/2 price on selected fragrance gift sets"
      ]
    },
    "adCardPoints": 156
  },
  {
    "_id": {
      "$oid": "65ec108d9884656b92f559ab"
    },
    "ppuQuantity": "50ML",
    "pricing": {
      "perUnit": "£85.00 per 100ML",
      "regular": {
        "value": 85,
        "currency": "GBP",
        "text": "£85.00"
      },
      "current": {
        "value": 42.5,
        "currency": "GBP",
        "text": "£42.50"
      },
      "saving": {
        "value": 42.5,
        "currency": "GBP",
        "text": "£42.50"
      }
    },
    "objectId": "2849609",
    "brand": "Gucci",
    "attributes": {
      "fragrance_scent": "amber",
      "product_type": [
        "gift set",
        "body spray"
      ],
      "StockOverrideMessage": "STOCK_COMING_SOON",
      "gender": "womens",
      "fragrance_type": "eau de toilette",
      "recipient": [
        "secret santa",
        "gifts for women"
      ],
      "hasPriceAdvantageDeal": false,
      "gift_type": "fragrance gifts",
      "key_features": "long lasting",
      "ProductReviewFlag": "1"
    },
    "variants": {
      "colours": [],
      "hasColours": false,
      "hasSizes": false
    },
    "categories": [
      [
        {
          "name": "fragrance",
          "label": "fragrance"
        },
        {
          "name": "gift",
          "label": "gift"
        }
      ],
      [
        {
          "name": "perfume",
          "label": "fragrance > perfume"
        },
        {
          "name": "fragrance gift sets",
          "label": "fragrance > fragrance gift sets"
        },
        {
          "name": "gifts for her",
          "label": "gift > gifts for her"
        },
        {
          "name": "luxury fragrance",
          "label": "fragrance > luxury fragrance"
        },
        {
          "name": "luxury gifts",
          "label": "gift > luxury gifts"
        },
        {
          "name": "all gifts",
          "label": "gift > all gifts"
        }
      ],
      [
        {
          "name": "perfume gift sets",
          "label": "fragrance > perfume > perfume gift sets"
        },
        {
          "name": "all perfumes",
          "label": "fragrance > perfume > all perfumes"
        },
        {
          "name": "perfume gift sets",
          "label": "fragrance > fragrance gift sets > perfume gift sets"
        },
        {
          "name": "all perfumes",
          "label": "gift > gifts for her > all perfumes"
        }
      ]
    ],
    "reviews": {
      "average": 4.75,
      "count": 57,
      "rounded": 4
    },
    "parent": {
      "product": "2849608",
      "partNumber": "10330186.P",
      "model": "10330186",
      "manufacturerModel": "5709415"
    },
    "images": {
      "thumbnail": "https://boots.scene7.com/is/image/Boots/10330186?wid=45&hei=60&op_sharpen=1"
    },
    "offers": [
      {
        "text": "1/2 price on selected fragrance gift sets"
      }
    ],
    "actions": {},
    "iconUri": "https://boots.scene7.com/is/image/Boots/10330186?op_sharpen=1",
    "title": "Gucci Guilty For Her Eau de Toilette Giftset 50ml",
    "referenceUri": "/gucci-guilty-for-her-eau-de-toilette-giftset-50ml-10330186",
    "canAddToBasket": "yes",
    "opticians": false,
    "inStock": false,
    "expressDelivery": false,
    "hasOtherPromotion": true,
    "channelPromotionalTextMap": {
      "-1": [
        "1/2 price on selected fragrance gift sets"
      ],
      "-6": [
        "1/2 price on selected fragrance gift sets"
      ]
    },
    "adCardPoints": 126
  },
  {
    "_id": {
      "$oid": "65ec108d9884656b92f559ac"
    },
    "ppuQuantity": "50ML",
    "pricing": {
      "perUnit": "£105.00 per 100ML",
      "regular": {
        "value": 105,
        "currency": "GBP",
        "text": "£105.00"
      },
      "current": {
        "value": 52.5,
        "currency": "GBP",
        "text": "£52.50"
      },
      "saving": {
        "value": 52.5,
        "currency": "GBP",
        "text": "£52.50"
      }
    },
    "objectId": "2849619",
    "brand": "Gucci",
    "attributes": {
      "fragrance_scent": "floral",
      "product_type": [
        "gift set",
        "body spray"
      ],
      "StockOverrideMessage": "STOCK_COMING_SOON",
      "gender": "womens",
      "fragrance_type": "eau de parfum",
      "recipient": [
        "secret santa",
        "gifts for women"
      ],
      "hasPriceAdvantageDeal": false,
      "gift_type": "fragrance gifts",
      "key_features": "long lasting",
      "ProductReviewFlag": "1"
    },
    "variants": {
      "colours": [],
      "hasColours": false,
      "hasSizes": false
    },
    "categories": [
      [
        {
          "name": "fragrance",
          "label": "fragrance"
        },
        {
          "name": "gift",
          "label": "gift"
        }
      ],
      [
        {
          "name": "perfume",
          "label": "fragrance > perfume"
        },
        {
          "name": "fragrance gift sets",
          "label": "fragrance > fragrance gift sets"
        },
        {
          "name": "gifts for her",
          "label": "gift > gifts for her"
        },
        {
          "name": "luxury fragrance",
          "label": "fragrance > luxury fragrance"
        },
        {
          "name": "luxury gifts",
          "label": "gift > luxury gifts"
        },
        {
          "name": "all gifts",
          "label": "gift > all gifts"
        }
      ],
      [
        {
          "name": "perfume gift sets",
          "label": "fragrance > perfume > perfume gift sets"
        },
        {
          "name": "all perfumes",
          "label": "fragrance > perfume > all perfumes"
        },
        {
          "name": "perfume gift sets",
          "label": "fragrance > fragrance gift sets > perfume gift sets"
        },
        {
          "name": "all perfumes",
          "label": "gift > gifts for her > all perfumes"
        }
      ]
    ],
    "reviews": {
      "average": 4.53,
      "count": 136,
      "rounded": 4
    },
    "parent": {
      "product": "2849618",
      "partNumber": "10330191.P",
      "model": "10330191",
      "manufacturerModel": "5709482"
    },
    "images": {
      "thumbnail": "https://boots.scene7.com/is/image/Boots/10330191?wid=45&hei=60&op_sharpen=1"
    },
    "offers": [
      {
        "text": "1/2 price on selected fragrance gift sets"
      }
    ],
    "actions": {},
    "iconUri": "https://boots.scene7.com/is/image/Boots/10330191?op_sharpen=1",
    "title": "Gucci Flora Gorgeous Jasmine Fragrance Eau de Parfum 50ml Giftset",
    "referenceUri": "/gucci-flora-gorgeous-jasmine-fragrance-eau-de-parfum-50ml-giftset-10330191",
    "canAddToBasket": "yes",
    "opticians": false,
    "inStock": false,
    "expressDelivery": false,
    "hasOtherPromotion": true,
    "channelPromotionalTextMap": {
      "-1": [
        "1/2 price on selected fragrance gift sets"
      ],
      "-6": [
        "1/2 price on selected fragrance gift sets"
      ]
    },
    "adCardPoints": 156
  },
  {
    "_id": {
      "$oid": "65ec108d9884656b92f559ad"
    },
    "ppuQuantity": "50ML",
    "pricing": {
      "perUnit": "£105.00 per 100ML",
      "regular": {
        "value": 105,
        "currency": "GBP",
        "text": "£105.00"
      },
      "current": {
        "value": 52.5,
        "currency": "GBP",
        "text": "£52.50"
      },
      "saving": {
        "value": 52.5,
        "currency": "GBP",
        "text": "£52.50"
      }
    },
    "objectId": "2849611",
    "brand": "Gucci",
    "attributes": {
      "fragrance_scent": "floral",
      "product_type": [
        "gift set",
        "body spray"
      ],
      "StockOverrideMessage": "STOCK_COMING_SOON",
      "gender": "womens",
      "fragrance_type": "eau de parfum",
      "recipient": [
        "secret santa",
        "gifts for women"
      ],
      "hasPriceAdvantageDeal": false,
      "gift_type": "fragrance gifts",
      "key_features": "long lasting",
      "ProductReviewFlag": "1"
    },
    "variants": {
      "colours": [],
      "hasColours": false,
      "hasSizes": false
    },
    "categories": [
      [
        {
          "name": "fragrance",
          "label": "fragrance"
        },
        {
          "name": "gift",
          "label": "gift"
        }
      ],
      [
        {
          "name": "perfume",
          "label": "fragrance > perfume"
        },
        {
          "name": "fragrance gift sets",
          "label": "fragrance > fragrance gift sets"
        },
        {
          "name": "gifts for her",
          "label": "gift > gifts for her"
        },
        {
          "name": "luxury fragrance",
          "label": "fragrance > luxury fragrance"
        },
        {
          "name": "luxury gifts",
          "label": "gift > luxury gifts"
        },
        {
          "name": "all gifts",
          "label": "gift > all gifts"
        }
      ],
      [
        {
          "name": "perfume gift sets",
          "label": "fragrance > perfume > perfume gift sets"
        },
        {
          "name": "all perfumes",
          "label": "fragrance > perfume > all perfumes"
        },
        {
          "name": "perfume gift sets",
          "label": "fragrance > fragrance gift sets > perfume gift sets"
        },
        {
          "name": "all perfumes",
          "label": "gift > gifts for her > all perfumes"
        }
      ]
    ],
    "reviews": {
      "average": 4.26,
      "count": 152,
      "rounded": 4
    },
    "parent": {
      "product": "2849610",
      "partNumber": "10330187.P",
      "model": "10330187",
      "manufacturerModel": "5709423"
    },
    "images": {
      "thumbnail": "https://boots.scene7.com/is/image/Boots/10330187?wid=45&hei=60&op_sharpen=1"
    },
    "offers": [
      {
        "text": "1/2 price on selected fragrance gift sets"
      }
    ],
    "actions": {},
    "iconUri": "https://boots.scene7.com/is/image/Boots/10330187?op_sharpen=1",
    "title": "Gucci Flora Gorgeous Gardenia Eau de Parfum Giftset 50ml",
    "referenceUri": "/gucci-flora-gorgeous-gardenia-eau-de-parfum-giftset-50ml-10330187",
    "canAddToBasket": "yes",
    "opticians": false,
    "inStock": false,
    "expressDelivery": false,
    "hasOtherPromotion": true,
    "channelPromotionalTextMap": {
      "-1": [
        "1/2 price on selected fragrance gift sets"
      ],
      "-6": [
        "1/2 price on selected fragrance gift sets"
      ]
    },
    "adCardPoints": 156
  },
  {
    "_id": {
      "$oid": "65ec108d9884656b92f559ae"
    },
    "ppuQuantity": "90ML",
    "pricing": {
      "perUnit": "£165.56 per 100ML",
      "regular": {
        "value": 149,
        "currency": "GBP",
        "text": "£149.00"
      },
      "current": {
        "value": 149,
        "currency": "GBP",
        "text": "£149.00"
      }
    },
    "objectId": "2922111",
    "brand": "Gucci",
    "attributes": {
      "fragrance_scent": "amber",
      "product_type": "perfume",
      "StockOverrideMessage": "STOCK_COMING_SOON",
      "size": "71-100",
      "gender": "unisex",
      "fragrance_type": "eau de parfum",
      "format": "spray",
      "hasPriceAdvantageDeal": false,
      "ProductReviewFlag": "1"
    },
    "variants": {
      "colours": [],
      "hasColours": false,
      "hasSizes": false
    },
    "categories": [
      [
        {
          "name": "fragrance",
          "label": "fragrance"
        },
        {
          "name": "gift",
          "label": "gift"
        },
        {
          "name": "new in",
          "label": "new in"
        }
      ],
      [
        {
          "name": "perfume",
          "label": "fragrance > perfume"
        },
        {
          "name": "gifts for her",
          "label": "gift > gifts for her"
        },
        {
          "name": "new in fragrance",
          "label": "fragrance > new in fragrance"
        },
        {
          "name": "new in fragrance",
          "label": "new in > new in fragrance"
        }
      ],
      [
        {
          "name": "all perfumes",
          "label": "fragrance > perfume > all perfumes"
        },
        {
          "name": "amber perfume",
          "label": "fragrance > perfume > amber perfume"
        },
        {
          "name": "all perfumes",
          "label": "gift > gifts for her > all perfumes"
        }
      ]
    ],
    "reviews": {
      "average": null,
      "count": null,
      "rounded": null
    },
    "parent": {
      "product": "2922110",
      "partNumber": "10338875.P",
      "model": "10338875",
      "manufacturerModel": "2021919"
    },
    "images": {
      "thumbnail": "https://boots.scene7.com/is/image/Boots/10338875?wid=45&hei=60&op_sharpen=1"
    },
    "offers": [],
    "actions": {},
    "iconUri": "https://boots.scene7.com/is/image/Boots/10338875?op_sharpen=1",
    "title": "Gucci Intense Oud Eau De Parfum Unisex 90ml",
    "referenceUri": "/gucci-intense-oud-eau-de-parfum-unisex-90ml-10338875",
    "canAddToBasket": "yes",
    "opticians": false,
    "inStock": false,
    "expressDelivery": false,
    "hasOtherPromotion": false,
    "channelPromotionalTextMap": {
      "-1": [],
      "-6": []
    },
    "adCardPoints": 447
  },
  {
    "_id": {
      "$oid": "65ec108d9884656b92f559af"
    },
    "ppuQuantity": "100ML",
    "pricing": {
      "perUnit": "£103.70 per 100ML",
      "regular": {
        "value": 122,
        "currency": "GBP",
        "text": "£122.00"
      },
      "current": {
        "value": 103.7,
        "currency": "GBP",
        "text": "£103.70"
      },
      "saving": {
        "value": 18.3,
        "currency": "GBP",
        "text": "£18.30"
      }
    },
    "objectId": "2927643",
    "brand": "Lancome",
    "attributes": {
      "fragrance_scent": "floral",
      "product_type": "body spray",
      "StockOverrideMessage": "STOCK_COMING_SOON",
      "gender": "womens",
      "fragrance_type": "eau de parfum",
      "format": "spray",
      "hasPriceAdvantageDeal": false,
      "ProductReviewFlag": "1"
    },
    "variants": {
      "colours": [],
      "hasColours": false,
      "hasSizes": false
    },
    "categories": [
      [
        {
          "name": "fragrance",
          "label": "fragrance"
        },
        {
          "name": "gift",
          "label": "gift"
        },
        {
          "name": "mother's day",
          "label": "mother's day"
        },
        {
          "name": "new in",
          "label": "new in"
        }
      ],
      [
        {
          "name": "perfume",
          "label": "fragrance > perfume"
        },
        {
          "name": "gifts for her",
          "label": "gift > gifts for her"
        },
        {
          "name": "new in fragrance",
          "label": "fragrance > new in fragrance"
        },
        {
          "name": "shop all",
          "label": "mother's day > shop all"
        },
        {
          "name": "new in fragrance",
          "label": "new in > new in fragrance"
        }
      ],
      [
        {
          "name": "all perfumes",
          "label": "fragrance > perfume > all perfumes"
        },
        {
          "name": "floral perfume",
          "label": "fragrance > perfume > floral perfume"
        },
        {
          "name": "all perfumes",
          "label": "gift > gifts for her > all perfumes"
        }
      ]
    ],
    "reviews": {
      "average": 4.87,
      "count": 550,
      "rounded": 4
    },
    "parent": {
      "product": "2927642",
      "partNumber": "10339496.P",
      "model": "10339496",
      "manufacturerModel": "2150107"
    },
    "images": {
      "thumbnail": "https://boots.scene7.com/is/image/Boots/10339496?wid=45&hei=60&op_sharpen=1"
    },
    "offers": [
      {
        "text": "Save up to 20 percent on selected fragrances"
      }
    ],
    "actions": {},
    "iconUri": "https://boots.scene7.com/is/image/Boots/10339496?op_sharpen=1",
    "title": "Lancôme Poême Eau de Parfum 100ml",
    "referenceUri": "/lancome-poeme-eau-de-parfum-100ml-10339496",
    "canAddToBasket": "yes",
    "opticians": false,
    "inStock": false,
    "expressDelivery": false,
    "hasOtherPromotion": true,
    "channelPromotionalTextMap": {
      "-1": [
        "Save up to 20 percent on selected fragrances"
      ],
      "-6": [
        "Save up to 20 percent on selected fragrances"
      ]
    },
    "adCardPoints": 309
  },
  {
    "_id": {
      "$oid": "65ec108d9884656b92f559b0"
    },
    "ppuQuantity": "50ML",
    "pricing": {
      "perUnit": "£161.50 per 100ML",
      "regular": {
        "value": 95,
        "currency": "GBP",
        "text": "£95.00"
      },
      "current": {
        "value": 80.75,
        "currency": "GBP",
        "text": "£80.75"
      },
      "saving": {
        "value": 14.25,
        "currency": "GBP",
        "text": "£14.25"
      }
    },
    "objectId": "2480435",
    "brand": "Lancome",
    "attributes": {
      "fragrance_scent": [
        "floral",
        "citrus",
        "vanilla"
      ],
      "StockOverrideMessage": "STOCK_COMING_SOON",
      "fragrance_type": "eau de parfum",
      "recipient": "gifts for women",
      "format": "spray",
      "hasPriceAdvantageDeal": false,
      "Reporting_Category": "fragrance",
      "gift_type": "fragrance gifts",
      "ProductReviewFlag": "1"
    },
    "variants": {
      "colours": [],
      "hasColours": false,
      "hasSizes": false
    },
    "categories": [
      [
        {
          "name": "gift",
          "label": "gift"
        },
        {
          "name": "fragrance",
          "label": "fragrance"
        }
      ],
      [
        {
          "name": "Eid gifts",
          "label": "gift > Eid gifts"
        },
        {
          "name": "perfume",
          "label": "fragrance > perfume"
        },
        {
          "name": "gifts for her",
          "label": "gift > gifts for her"
        },
        {
          "name": "5* rated perfumes & aftershaves",
          "label": "fragrance > 5* rated perfumes & aftershaves"
        }
      ],
      [
        {
          "name": "all perfumes",
          "label": "fragrance > perfume > all perfumes"
        },
        {
          "name": "vanilla perfume",
          "label": "fragrance > perfume > vanilla perfume"
        },
        {
          "name": "floral perfume",
          "label": "fragrance > perfume > floral perfume"
        },
        {
          "name": "all perfumes",
          "label": "gift > gifts for her > all perfumes"
        }
      ]
    ],
    "reviews": {
      "average": 4.72,
      "count": 940,
      "rounded": 4
    },
    "parent": {
      "product": "2480434",
      "partNumber": "10290207.P",
      "model": "10290207",
      "manufacturerModel": "2099896"
    },
    "images": {
      "thumbnail": "https://boots.scene7.com/is/image/Boots/10290207?wid=45&hei=60&op_sharpen=1"
    },
    "offers": [
      {
        "text": "Free gift when you buy 3 selected Lancome Products, 1 to be Skincare - whilst stocks last"
      },
      {
        "text": "Free gift when you buy selected Lancome - whilst stocks last"
      },
      {
        "text": "Save up to 20 percent on selected fragrances"
      }
    ],
    "actions": {},
    "iconUri": "https://boots.scene7.com/is/image/Boots/10290207?op_sharpen=1",
    "title": "Lancôme La Vie Est Belle Soleil Cristal Eau De Parfum 50ml",
    "referenceUri": "/lanc%C3%B4me-la-vie-est-belle-soleil-cristal-eau-de-parfum-50ml-10290207",
    "canAddToBasket": "yes",
    "opticians": false,
    "inStock": false,
    "expressDelivery": false,
    "hasOtherPromotion": true,
    "channelPromotionalTextMap": {
      "-1": [
        "Free gift when you buy 3 selected Lancome Products, 1 to be Skincare - whilst stocks last",
        "Free gift when you buy selected Lancome - whilst stocks last",
        "Save up to 20 percent on selected fragrances"
      ],
      "-6": [
        "Free gift when you buy 3 selected Lancome Products, 1 to be Skincare - whilst stocks last",
        "Free gift when you buy selected Lancome - whilst stocks last",
        "Save up to 20 percent on selected fragrances"
      ]
    },
    "adCardPoints": 240
  },
  {
    "_id": {
      "$oid": "65ec108d9884656b92f559b1"
    },
    "ppuQuantity": "100ML",
    "pricing": {
      "perUnit": "£119.00 per 100ML",
      "regular": {
        "value": 140,
        "currency": "GBP",
        "text": "£140.00"
      },
      "current": {
        "value": 119,
        "currency": "GBP",
        "text": "£119.00"
      },
      "saving": {
        "value": 21,
        "currency": "GBP",
        "text": "£21.00"
      }
    },
    "objectId": "2349473",
    "brand": "Lancome",
    "attributes": {
      "fragrance_scent": [
        "jasmine",
        "vanilla",
        "fruity",
        "floral"
      ],
      "StockOverrideMessage": "STOCK_COMING_SOON",
      "size": "71-100",
      "gender": "womens",
      "fragrance_type": "eau de parfum",
      "format": "spray",
      "hasPriceAdvantageDeal": false,
      "Reporting_Category": "fragrance",
      "ProductReviewFlag": "1"
    },
    "variants": {
      "colours": [],
      "hasColours": false,
      "hasSizes": false
    },
    "categories": [
      [
        {
          "name": "gift",
          "label": "gift"
        },
        {
          "name": "fragrance",
          "label": "fragrance"
        }
      ],
      [
        {
          "name": "luxury gifts",
          "label": "gift > luxury gifts"
        },
        {
          "name": "perfume",
          "label": "fragrance > perfume"
        },
        {
          "name": "fragrance offers",
          "label": "fragrance > fragrance offers"
        },
        {
          "name": "gifts for her",
          "label": "gift > gifts for her"
        },
        {
          "name": "5* rated perfumes & aftershaves",
          "label": "fragrance > 5* rated perfumes & aftershaves"
        },
        {
          "name": "Eid gifts",
          "label": "gift > Eid gifts"
        }
      ],
      [
        {
          "name": "all perfumes",
          "label": "fragrance > perfume > all perfumes"
        },
        {
          "name": "vanilla perfume",
          "label": "fragrance > perfume > vanilla perfume"
        },
        {
          "name": "floral perfume",
          "label": "fragrance > perfume > floral perfume"
        },
        {
          "name": "Save 15% on 100s of fragrances",
          "label": "fragrance > fragrance offers > Save 15% on 100s of fragrances"
        },
        {
          "name": "all perfumes",
          "label": "gift > gifts for her > all perfumes"
        }
      ]
    ],
    "reviews": {
      "average": 4.69,
      "count": 1386,
      "rounded": 4
    },
    "parent": {
      "product": "2349472",
      "partNumber": "10274774.P",
      "model": "10274774",
      "manufacturerModel": "8753040"
    },
    "images": {
      "thumbnail": "https://boots.scene7.com/is/image/Boots/10274774?wid=45&hei=60&op_sharpen=1"
    },
    "offers": [
      {
        "text": "Free gift when you buy 3 selected Lancome Products, 1 to be Skincare - whilst stocks last"
      },
      {
        "text": "Free gift when you buy selected Lancome - whilst stocks last"
      },
      {
        "text": "Save up to 20 percent on selected fragrances"
      }
    ],
    "actions": {},
    "iconUri": "https://boots.scene7.com/is/image/Boots/10274774?op_sharpen=1",
    "title": "Lancôme La Vie Est Belle Intensément Eau de Parfum 100ml",
    "referenceUri": "/lanc%C3%B4me-la-vie-est-belle-intens%C3%A9ment-eau-de-parfum-100ml-10274774",
    "canAddToBasket": "yes",
    "opticians": false,
    "inStock": false,
    "expressDelivery": false,
    "hasOtherPromotion": true,
    "channelPromotionalTextMap": {
      "-1": [
        "Free gift when you buy 3 selected Lancome Products, 1 to be Skincare - whilst stocks last",
        "Free gift when you buy selected Lancome - whilst stocks last",
        "Save up to 20 percent on selected fragrances"
      ],
      "-6": [
        "Free gift when you buy 3 selected Lancome Products, 1 to be Skincare - whilst stocks last",
        "Free gift when you buy selected Lancome - whilst stocks last",
        "Save up to 20 percent on selected fragrances"
      ]
    },
    "adCardPoints": 357
  },
  {
    "_id": {
      "$oid": "65ec108d9884656b92f559b2"
    },
    "ppuQuantity": "50ML",
    "pricing": {
      "perUnit": "£178.50 per 100ML",
      "regular": {
        "value": 105,
        "currency": "GBP",
        "text": "£105.00"
      },
      "current": {
        "value": 89.25,
        "currency": "GBP",
        "text": "£89.25"
      },
      "saving": {
        "value": 15.75,
        "currency": "GBP",
        "text": "£15.75"
      }
    },
    "objectId": "2867219",
    "brand": "Lancome",
    "attributes": {
      "fragrance_scent": "floral",
      "product_type": "travel fragrance",
      "StockOverrideMessage": "STOCK_COMING_SOON",
      "size": "41-50",
      "fragrance_type": "eau de parfum",
      "format": "spray",
      "hasPriceAdvantageDeal": false,
      "ProductReviewFlag": "1"
    },
    "variants": {
      "colours": [],
      "hasColours": false,
      "hasSizes": false
    },
    "categories": [
      [
        {
          "name": "fragrance",
          "label": "fragrance"
        },
        {
          "name": "gift",
          "label": "gift"
        },
        {
          "name": "new in",
          "label": "new in"
        }
      ],
      [
        {
          "name": "perfume",
          "label": "fragrance > perfume"
        },
        {
          "name": "gifts for her",
          "label": "gift > gifts for her"
        },
        {
          "name": "new in fragrance",
          "label": "fragrance > new in fragrance"
        },
        {
          "name": "brands",
          "label": "fragrance > brands"
        },
        {
          "name": "new in fragrance",
          "label": "new in > new in fragrance"
        }
      ],
      [
        {
          "name": "all perfumes",
          "label": "fragrance > perfume > all perfumes"
        },
        {
          "name": "floral perfume",
          "label": "fragrance > perfume > floral perfume"
        },
        {
          "name": "all perfumes",
          "label": "gift > gifts for her > all perfumes"
        }
      ]
    ],
    "reviews": {
      "average": 4.79,
      "count": 163,
      "rounded": 4
    },
    "parent": {
      "product": "2867218",
      "partNumber": "10332731.P",
      "model": "10332731",
      "manufacturerModel": "5755999"
    },
    "images": {
      "thumbnail": "https://boots.scene7.com/is/image/Boots/10332731?wid=45&hei=60&op_sharpen=1"
    },
    "offers": [
      {
        "text": "Free gift when you buy 3 selected Lancome Products, 1 to be Skincare - whilst stocks last"
      },
      {
        "text": "Free gift when you buy selected Lancome - whilst stocks last"
      },
      {
        "text": "Save up to 20 percent on selected fragrances"
      }
    ],
    "actions": {},
    "iconUri": "https://boots.scene7.com/is/image/Boots/10332731?op_sharpen=1",
    "title": "Lancôme La Vie Est Belle L'Extrait de Parfum 50ml",
    "referenceUri": "/lanc%C3%B4me-la-vie-est-belle-l-extrait-de-parfum-50ml-10332731",
    "canAddToBasket": "yes",
    "opticians": false,
    "inStock": false,
    "expressDelivery": false,
    "hasOtherPromotion": true,
    "channelPromotionalTextMap": {
      "-1": [
        "Free gift when you buy 3 selected Lancome Products, 1 to be Skincare - whilst stocks last",
        "Free gift when you buy selected Lancome - whilst stocks last",
        "Save up to 20 percent on selected fragrances"
      ],
      "-6": [
        "Free gift when you buy 3 selected Lancome Products, 1 to be Skincare - whilst stocks last",
        "Free gift when you buy selected Lancome - whilst stocks last",
        "Save up to 20 percent on selected fragrances"
      ]
    },
    "adCardPoints": 267
  },
  {
    "_id": {
      "$oid": "65ec108d9884656b92f559b3"
    },
    "ppuQuantity": "50ML",
    "pricing": {
      "perUnit": "£138.00 per 100ML",
      "regular": {
        "value": 92,
        "currency": "GBP",
        "text": "£92.00"
      },
      "current": {
        "value": 69,
        "currency": "GBP",
        "text": "£69.00"
      },
      "saving": {
        "value": 23,
        "currency": "GBP",
        "text": "£23.00"
      }
    },
    "objectId": "5930",
    "brand": "Lancome",
    "attributes": {
      "fragrance_scent": [
        "amber",
        "floral",
        "fruity"
      ],
      "StockOverrideMessage": "SOLD_OUT",
      "size": "41-50",
      "gender": "womens",
      "Size": [
        "50ml",
        "50 ml"
      ],
      "parentCategory_UK": "33031",
      "fragrance_type": [
        "eau de toilette",
        "eau de parfum"
      ],
      "format": "spray",
      "hasPriceAdvantageDeal": false,
      "body_area": "body",
      "ProductReviewFlag": "1"
    },
    "variants": {
      "colours": [],
      "hasColours": false,
      "hasSizes": false
    },
    "categories": [
      [
        {
          "name": "gift",
          "label": "gift"
        },
        {
          "name": "beauty & skincare",
          "label": "beauty & skincare"
        },
        {
          "name": "fragrance",
          "label": "fragrance"
        }
      ],
      [
        {
          "name": "gifts for her",
          "label": "gift > gifts for her"
        },
        {
          "name": "premium beauty & skincare",
          "label": "beauty & skincare > premium beauty & skincare"
        },
        {
          "name": "perfume",
          "label": "fragrance > perfume"
        }
      ],
      [
        {
          "name": "all perfumes",
          "label": "gift > gifts for her > all perfumes"
        },
        {
          "name": "save up to 25% across selected premium beauty and No7",
          "label": "beauty & skincare > premium beauty & skincare > save up to 25% across selected premium beauty and No7"
        },
        {
          "name": "all perfumes",
          "label": "fragrance > perfume > all perfumes"
        }
      ]
    ],
    "reviews": {
      "average": 4.66,
      "count": 464,
      "rounded": 4
    },
    "parent": {
      "product": "5929",
      "partNumber": "10018621.P",
      "model": "10018621",
      "manufacturerModel": "1598511"
    },
    "images": {
      "thumbnail": "https://boots.scene7.com/is/image/Boots/10018621?wid=45&hei=60&op_sharpen=1"
    },
    "offers": [
      {
        "text": "Save up to 25 percent across selected Premium Beauty"
      }
    ],
    "actions": {},
    "iconUri": "https://boots.scene7.com/is/image/Boots/10018621?op_sharpen=1",
    "title": "Lancôme Trésor Eau De Parfum 50ml",
    "referenceUri": "/lancome-tresor-eau-de-parfum-50ml-10018621",
    "canAddToBasket": "yes",
    "opticians": false,
    "inStock": false,
    "expressDelivery": false,
    "hasOtherPromotion": true,
    "channelPromotionalTextMap": {
      "-1": [
        "Save up to 25 percent across selected Premium Beauty"
      ],
      "-6": [
        "Save up to 25 percent across selected Premium Beauty"
      ]
    },
    "adCardPoints": 207
  },
  {
    "_id": {
      "$oid": "65ec108d9884656b92f559b4"
    },
    "ppuQuantity": null,
    "pricing": {
      "perUnit": null,
      "regular": {
        "value": 154,
        "currency": "GBP",
        "text": "£154.00"
      },
      "current": {
        "value": 154,
        "currency": "GBP",
        "text": "£154.00"
      }
    },
    "objectId": "2766666",
    "brand": "Christian Dior",
    "attributes": {
      "hasPriceAdvantageDeal": false,
      "StockOverrideMessage": "STOCK_COMING_SOON",
      "ProductReviewFlag": "1"
    },
    "variants": {
      "colours": [],
      "hasColours": false,
      "hasSizes": false
    },
    "categories": [
      [
        {
          "name": "new in",
          "label": "new in"
        },
        {
          "name": "beauty & skincare",
          "label": "beauty & skincare"
        },
        {
          "name": "fragrance",
          "label": "fragrance"
        },
        {
          "name": "toiletries",
          "label": "toiletries"
        },
        {
          "name": "gift",
          "label": "gift"
        }
      ],
      [
        {
          "name": "new in premium beauty & skincare",
          "label": "new in > new in premium beauty & skincare"
        },
        {
          "name": "premium beauty & skincare",
          "label": "beauty & skincare > premium beauty & skincare"
        },
        {
          "name": "perfume",
          "label": "fragrance > perfume"
        },
        {
          "name": "fragrance gift sets",
          "label": "fragrance > fragrance gift sets"
        },
        {
          "name": "luxury bath & body",
          "label": "toiletries > luxury bath & body"
        },
        {
          "name": "gifts for her",
          "label": "gift > gifts for her"
        },
        {
          "name": "luxury fragrance",
          "label": "fragrance > luxury fragrance"
        },
        {
          "name": "brands",
          "label": "fragrance > brands"
        },
        {
          "name": "all baby & kids' clothing",
          "label": "gift > all baby & kids' clothing"
        },
        {
          "name": "luxury gifts",
          "label": "gift > luxury gifts"
        },
        {
          "name": "new in luxury bath & body",
          "label": "new in > new in luxury bath & body"
        }
      ],
      [
        {
          "name": "premium beauty gifts",
          "label": "beauty & skincare > premium beauty & skincare > premium beauty gifts"
        },
        {
          "name": "new in premium beauty & skincare",
          "label": "beauty & skincare > premium beauty & skincare > new in premium beauty & skincare"
        },
        {
          "name": "perfume gift sets",
          "label": "fragrance > perfume > perfume gift sets"
        },
        {
          "name": "all perfumes",
          "label": "fragrance > perfume > all perfumes"
        },
        {
          "name": "floral perfume",
          "label": "fragrance > perfume > floral perfume"
        },
        {
          "name": "perfume gift sets",
          "label": "fragrance > fragrance gift sets > perfume gift sets"
        },
        {
          "name": "all luxury bath & body",
          "label": "toiletries > luxury bath & body > all luxury bath & body"
        },
        {
          "name": "new in luxury bath & body",
          "label": "toiletries > luxury bath & body > new in luxury bath & body"
        },
        {
          "name": "all luxury bath & body",
          "label": "gift > gifts for her > all luxury bath & body"
        },
        {
          "name": "premium beauty gifts",
          "label": "gift > gifts for her > premium beauty gifts"
        },
        {
          "name": "all perfumes",
          "label": "gift > gifts for her > all perfumes"
        }
      ]
    ],
    "reviews": {
      "average": 4.74,
      "count": 10718,
      "rounded": 4
    },
    "parent": {
      "product": "2766666",
      "partNumber": null,
      "model": "10321674",
      "manufacturerModel": null
    },
    "images": {
      "thumbnail": "https://boots.scene7.com/is/image/Boots/10321674?wid=45&hei=60&op_sharpen=1"
    },
    "offers": [],
    "actions": {},
    "iconUri": "https://boots.scene7.com/is/image/Boots/10321674?op_sharpen=1",
    "title": "Miss Dior Eau de Parfum 50ml & New Limited-Edition Miss Dior “Millefiori” Bath Macarons",
    "referenceUri": "/miss-dior-eau-de-parfum-50ml-new-limited-edition-miss-dior-%E2%80%9Cmillefiori%E2%80%9D-bath-macarons-10321674",
    "canAddToBasket": "yes",
    "opticians": false,
    "inStock": false,
    "expressDelivery": false,
    "hasOtherPromotion": false,
    "channelPromotionalTextMap": {
      "-1": [],
      "-6": []
    },
    "adCardPoints": 462
  },
  {
    "_id": {
      "$oid": "65ec108d9884656b92f559b5"
    },
    "ppuQuantity": null,
    "pricing": {
      "perUnit": "Save £24.00",
      "regular": {
        "value": 150,
        "currency": "GBP",
        "text": "£150.00"
      },
      "current": {
        "value": 150,
        "currency": "GBP",
        "text": "£150.00"
      }
    },
    "objectId": "2637628",
    "brand": "Christian Dior",
    "attributes": {
      "fragrance_scent": "floral",
      "gender": "womens",
      "size": "71-100",
      "StockOverrideMessage": "STOCK_COMING_SOON",
      "fragrance_type": "eau de parfum",
      "hasPriceAdvantageDeal": false,
      "Reporting_Category": "fragrance",
      "ProductReviewFlag": "1"
    },
    "variants": {
      "colours": [],
      "hasColours": false,
      "hasSizes": false
    },
    "categories": [
      [
        {
          "name": "fragrance",
          "label": "fragrance"
        },
        {
          "name": "gift",
          "label": "gift"
        }
      ],
      [
        {
          "name": "perfume",
          "label": "fragrance > perfume"
        },
        {
          "name": "gifts for her",
          "label": "gift > gifts for her"
        }
      ],
      [
        {
          "name": "all perfumes",
          "label": "fragrance > perfume > all perfumes"
        },
        {
          "name": "floral perfume",
          "label": "fragrance > perfume > floral perfume"
        },
        {
          "name": "all perfumes",
          "label": "gift > gifts for her > all perfumes"
        }
      ]
    ],
    "reviews": {
      "average": 4.67,
      "count": 2034,
      "rounded": 4
    },
    "parent": {
      "product": "2637628",
      "partNumber": null,
      "model": "10306468",
      "manufacturerModel": null
    },
    "images": {
      "thumbnail": "https://boots.scene7.com/is/image/Boots/10306468?wid=45&hei=60&op_sharpen=1"
    },
    "offers": [],
    "actions": {},
    "iconUri": "https://boots.scene7.com/is/image/Boots/10306468?op_sharpen=1",
    "title": "DIOR Signature Duo - Miss Dior Eau de Parfum & Rouge Dior Hydrating Lip Balm Bundle",
    "referenceUri": "/dior-signature-duo---miss-dior-eau-de-parfum--rouge-dior-hydrating-lip-balm-bundle-10306468",
    "canAddToBasket": "yes",
    "opticians": false,
    "inStock": false,
    "expressDelivery": false,
    "hasOtherPromotion": false,
    "channelPromotionalTextMap": {
      "-1": [],
      "-6": []
    },
    "adCardPoints": 450
  },
  {
    "_id": {
      "$oid": "65ec108d9884656b92f559b6"
    },
    "ppuQuantity": "50ML",
    "pricing": {
      "perUnit": "£37.24 per 100ML",
      "regular": {
        "value": 38,
        "currency": "GBP",
        "text": "£38.00"
      },
      "current": {
        "value": 18.62,
        "currency": "GBP",
        "text": "£18.62"
      },
      "saving": {
        "value": 19.38,
        "currency": "GBP",
        "text": "£19.38"
      }
    },
    "objectId": "2436329",
    "brand": "Jennifer Lopez",
    "attributes": {
      "fragrance_scent": [
        "woody",
        "floral"
      ],
      "suitable_for": "vegan",
      "size": "41-50",
      "StockOverrideMessage": "STOCK_COMING_SOON",
      "fragrance_type": "eau de parfum",
      "hasPriceAdvantageDeal": false,
      "Reporting_Category": "fragrance",
      "ProductReviewFlag": "1"
    },
    "variants": {
      "colours": [],
      "hasColours": false,
      "hasSizes": false
    },
    "categories": [
      [
        {
          "name": "vegan",
          "label": "vegan"
        },
        {
          "name": "fragrance",
          "label": "fragrance"
        },
        {
          "name": "gift",
          "label": "gift"
        },
        {
          "name": "wellness",
          "label": "wellness"
        },
        {
          "name": "mother's day",
          "label": "mother's day"
        }
      ],
      [
        {
          "name": "vegan fragrance",
          "label": "vegan > vegan fragrance"
        },
        {
          "name": "perfume",
          "label": "fragrance > perfume"
        },
        {
          "name": "gifts for her",
          "label": "gift > gifts for her"
        },
        {
          "name": "vegan",
          "label": "wellness > vegan"
        },
        {
          "name": "celebrity fragrance",
          "label": "fragrance > celebrity fragrance"
        },
        {
          "name": "vegan fragrance",
          "label": "fragrance > vegan fragrance"
        },
        {
          "name": "shop all",
          "label": "mother's day > shop all"
        }
      ],
      [
        {
          "name": "all perfumes",
          "label": "fragrance > perfume > all perfumes"
        },
        {
          "name": "floral perfume",
          "label": "fragrance > perfume > floral perfume"
        },
        {
          "name": "all perfumes",
          "label": "gift > gifts for her > all perfumes"
        },
        {
          "name": "vegan fragrance",
          "label": "wellness > vegan > vegan fragrance"
        }
      ]
    ],
    "reviews": {
      "average": 3.88,
      "count": 8,
      "rounded": 3
    },
    "parent": {
      "product": "2436328",
      "partNumber": "10286355.P",
      "model": "10286355",
      "manufacturerModel": "8984077"
    },
    "images": {
      "thumbnail": "https://boots.scene7.com/is/image/Boots/10286355?wid=45&hei=60&op_sharpen=1"
    },
    "offers": [
      {
        "text": "Better than 1/2 price on Jennifer Lopez ONE"
      }
    ],
    "actions": {},
    "iconUri": "https://boots.scene7.com/is/image/Boots/10286355?op_sharpen=1",
    "title": "Jennifer Lopez ONE Eau de Parfum 50ml",
    "referenceUri": "/jennifer-lopez-one-eau-de-parfum-50ml-10286355",
    "canAddToBasket": "yes",
    "opticians": false,
    "inStock": false,
    "expressDelivery": false,
    "hasOtherPromotion": true,
    "channelPromotionalTextMap": {
      "-1": [
        "Better than 1/2 price on Jennifer Lopez ONE"
      ],
      "-6": [
        "Better than 1/2 price on Jennifer Lopez ONE"
      ]
    },
    "adCardPoints": 54
  },
  {
    "_id": {
      "$oid": "65ec108d9884656b92f559b7"
    },
    "ppuQuantity": "240ML",
    "pricing": {
      "perUnit": "£11.67 per 100ML",
      "regular": {
        "value": 35,
        "currency": "GBP",
        "text": "£35.00"
      },
      "current": {
        "value": 28,
        "currency": "GBP",
        "text": "£28.00"
      },
      "saving": {
        "value": 7,
        "currency": "GBP",
        "text": "£7.00"
      }
    },
    "objectId": "2859625",
    "brand": "Sol de Janeiro",
    "attributes": {
      "hasPriceAdvantageDeal": false,
      "product_type": "body spray",
      "StockOverrideMessage": "STOCK_COMING_SOON",
      "ProductReviewFlag": "1"
    },
    "variants": {
      "colours": [],
      "hasColours": false,
      "hasSizes": false
    },
    "categories": [
      [
        {
          "name": "new in",
          "label": "new in"
        },
        {
          "name": "beauty & skincare",
          "label": "beauty & skincare"
        },
        {
          "name": "fragrance",
          "label": "fragrance"
        },
        {
          "name": "gift",
          "label": "gift"
        }
      ],
      [
        {
          "name": "new in beauty & skincare",
          "label": "new in > new in beauty & skincare"
        },
        {
          "name": "premium beauty & skincare",
          "label": "beauty & skincare > premium beauty & skincare"
        },
        {
          "name": "perfume",
          "label": "fragrance > perfume"
        },
        {
          "name": "gifts for her",
          "label": "gift > gifts for her"
        },
        {
          "name": "new in beauty & skincare",
          "label": "beauty & skincare > new in beauty & skincare"
        },
        {
          "name": "brands",
          "label": "beauty & skincare > brands"
        }
      ],
      [
        {
          "name": "save up to 25% across selected premium beauty and No7",
          "label": "beauty & skincare > premium beauty & skincare > save up to 25% across selected premium beauty and No7"
        },
        {
          "name": "all perfumes",
          "label": "fragrance > perfume > all perfumes"
        },
        {
          "name": "hair & body mists",
          "label": "fragrance > perfume > hair & body mists"
        },
        {
          "name": "all perfumes",
          "label": "gift > gifts for her > all perfumes"
        }
      ]
    ],
    "reviews": {
      "average": 4.43,
      "count": 587,
      "rounded": 4
    },
    "parent": {
      "product": "2859624",
      "partNumber": "10331528.P",
      "model": "10331528",
      "manufacturerModel": "5733634"
    },
    "images": {
      "thumbnail": "https://boots.scene7.com/is/image/Boots/10331528?wid=45&hei=60&op_sharpen=1"
    },
    "offers": [
      {
        "text": "Save up to 25 percent across selected Premium Beauty"
      }
    ],
    "actions": {},
    "iconUri": "https://boots.scene7.com/is/image/Boots/10331528?op_sharpen=1",
    "title": "Sol de Janeiro Rio Radiance Perfume Mist 240ml",
    "referenceUri": "/sol-de-janerio-rio-radiance-perfume-mist-240ml-10331528",
    "canAddToBasket": "yes",
    "opticians": false,
    "inStock": false,
    "expressDelivery": false,
    "hasOtherPromotion": true,
    "channelPromotionalTextMap": {
      "-1": [
        "Save up to 25 percent across selected Premium Beauty"
      ],
      "-6": [
        "Save up to 25 percent across selected Premium Beauty"
      ]
    },
    "adCardPoints": 84
  },
  {
    "_id": {
      "$oid": "65ec108d9884656b92f559b8"
    },
    "ppuQuantity": "10ML",
    "pricing": {
      "perUnit": "£160.00 per 100ML",
      "regular": {
        "value": 20,
        "currency": "GBP",
        "text": "£20.00"
      },
      "current": {
        "value": 16,
        "currency": "GBP",
        "text": "£16.00"
      },
      "saving": {
        "value": 4,
        "currency": "GBP",
        "text": "£4.00"
      }
    },
    "objectId": "2378518",
    "brand": "Versace",
    "attributes": {
      "fragrance_scent": [
        "floral",
        "fruity",
        "musk"
      ],
      "gender": "womens",
      "size": "0-10",
      "StockOverrideMessage": "STOCK_COMING_SOON",
      "fragrance_type": "eau de toilette",
      "format": "spray",
      "hasPriceAdvantageDeal": false,
      "ProductReviewFlag": "1"
    },
    "variants": {
      "colours": [],
      "hasColours": false,
      "hasSizes": false
    },
    "categories": [
      [
        {
          "name": "fragrance",
          "label": "fragrance"
        },
        {
          "name": "gift",
          "label": "gift"
        }
      ],
      [
        {
          "name": "5* rated perfumes & aftershaves",
          "label": "fragrance > 5* rated perfumes & aftershaves"
        },
        {
          "name": "perfume",
          "label": "fragrance > perfume"
        },
        {
          "name": "gifts for her",
          "label": "gift > gifts for her"
        }
      ],
      [
        {
          "name": "all perfumes",
          "label": "fragrance > perfume > all perfumes"
        },
        {
          "name": "musky perfume",
          "label": "fragrance > perfume > musky perfume"
        },
        {
          "name": "floral perfume",
          "label": "fragrance > perfume > floral perfume"
        },
        {
          "name": "all perfumes",
          "label": "gift > gifts for her > all perfumes"
        }
      ]
    ],
    "reviews": {
      "average": 5,
      "count": 3,
      "rounded": 5
    },
    "parent": {
      "product": "2378517",
      "partNumber": "10278173.P",
      "model": "10278173",
      "manufacturerModel": "8827826"
    },
    "images": {
      "thumbnail": "https://boots.scene7.com/is/image/Boots/10278173?wid=45&hei=60&op_sharpen=1"
    },
    "offers": [
      {
        "text": "Save up to 20 percent on selected fragrances"
      }
    ],
    "actions": {},
    "iconUri": "https://boots.scene7.com/is/image/Boots/10278173?op_sharpen=1",
    "title": "Versace Bright Crystal EDT 10ml",
    "referenceUri": "/versace-bright-crystal-EDT-10ml-10278173",
    "canAddToBasket": "yes",
    "opticians": false,
    "inStock": false,
    "expressDelivery": false,
    "hasOtherPromotion": true,
    "channelPromotionalTextMap": {
      "-1": [
        "Save up to 20 percent on selected fragrances"
      ],
      "-6": [
        "Save up to 20 percent on selected fragrances"
      ]
    },
    "adCardPoints": 48
  },
  {
    "_id": {
      "$oid": "65ec108d9884656b92f559b9"
    },
    "ppuQuantity": "30ML",
    "pricing": {
      "perUnit": "£173.33 per 100ML",
      "regular": {
        "value": 65,
        "currency": "GBP",
        "text": "£65.00"
      },
      "current": {
        "value": 52,
        "currency": "GBP",
        "text": "£52.00"
      },
      "saving": {
        "value": 13,
        "currency": "GBP",
        "text": "£13.00"
      }
    },
    "objectId": "2543941",
    "brand": "Chloe",
    "attributes": {
      "fragrance_scent": "woody",
      "StockOverrideMessage": "STOCK_COMING_SOON",
      "fragrance_type": "eau de parfum",
      "hasPriceAdvantageDeal": false,
      "Reporting_Category": "fragrance",
      "ProductReviewFlag": "1"
    },
    "variants": {
      "colours": [],
      "hasColours": false,
      "hasSizes": false
    },
    "categories": [
      [
        {
          "name": "fragrance",
          "label": "fragrance"
        },
        {
          "name": "gift",
          "label": "gift"
        }
      ],
      [
        {
          "name": "5* rated perfumes & aftershaves",
          "label": "fragrance > 5* rated perfumes & aftershaves"
        },
        {
          "name": "perfume",
          "label": "fragrance > perfume"
        },
        {
          "name": "gifts for her",
          "label": "gift > gifts for her"
        }
      ],
      [
        {
          "name": "all perfumes",
          "label": "fragrance > perfume > all perfumes"
        },
        {
          "name": "all perfumes",
          "label": "gift > gifts for her > all perfumes"
        }
      ]
    ],
    "reviews": {
      "average": 4.73,
      "count": 620,
      "rounded": 4
    },
    "parent": {
      "product": "2543940",
      "partNumber": "10295460.P",
      "model": "10295460",
      "manufacturerModel": "8087474"
    },
    "images": {
      "thumbnail": "https://boots.scene7.com/is/image/Boots/10295460?wid=45&hei=60&op_sharpen=1"
    },
    "offers": [
      {
        "text": "Save up to 20 percent on selected fragrances"
      }
    ],
    "actions": {},
    "iconUri": "https://boots.scene7.com/is/image/Boots/10295460?op_sharpen=1",
    "title": "Chloé Nomade Eau de Parfum 30ml",
    "referenceUri": "/chloe-nomade-eau-de-parfum-30ml-10295460",
    "canAddToBasket": "yes",
    "opticians": false,
    "inStock": false,
    "expressDelivery": false,
    "hasOtherPromotion": true,
    "channelPromotionalTextMap": {
      "-1": [
        "Save up to 20 percent on selected fragrances"
      ],
      "-6": [
        "Save up to 20 percent on selected fragrances"
      ]
    },
    "adCardPoints": 156
  },
  {
    "_id": {
      "$oid": "65ec108d9884656b92f559ba"
    },
    "ppuQuantity": null,
    "pricing": {
      "perUnit": "",
      "regular": {
        "value": 7.99,
        "currency": "GBP",
        "text": "£7.99"
      },
      "current": {
        "value": 6.39,
        "currency": "GBP",
        "text": "£6.39"
      },
      "saving": {
        "value": 1.6,
        "currency": "GBP",
        "text": "£1.60"
      }
    },
    "objectId": "1918865",
    "brand": "Travalo",
    "attributes": {
      "format": "spray",
      "hasPriceAdvantageDeal": false,
      "product_type": "body spray",
      "StockOverrideMessage": "STOCK_COMING_SOON",
      "ProductReviewFlag": "1",
      "parentCategory_UK": "33071"
    },
    "variants": {
      "colours": [],
      "hasColours": false,
      "hasSizes": false
    },
    "categories": [
      [
        {
          "name": "men's",
          "label": "men's"
        },
        {
          "name": "toiletries",
          "label": "toiletries"
        },
        {
          "name": "beauty & skincare",
          "label": "beauty & skincare"
        },
        {
          "name": "fragrance",
          "label": "fragrance"
        },
        {
          "name": "gift",
          "label": "gift"
        },
        {
          "name": "sun & holiday",
          "label": "sun & holiday"
        }
      ],
      [
        {
          "name": "men's toiletries",
          "label": "men's > men's toiletries"
        },
        {
          "name": "men's toiletries",
          "label": "toiletries > men's toiletries"
        },
        {
          "name": "makeup",
          "label": "beauty & skincare > makeup"
        },
        {
          "name": "accessories",
          "label": "beauty & skincare > accessories"
        },
        {
          "name": "perfume",
          "label": "fragrance > perfume"
        },
        {
          "name": "aftershave",
          "label": "fragrance > aftershave"
        },
        {
          "name": "bathroom essentials",
          "label": "toiletries > bathroom essentials"
        },
        {
          "name": "gifts for him",
          "label": "gift > gifts for him"
        },
        {
          "name": "gifts for her",
          "label": "gift > gifts for her"
        },
        {
          "name": "aftershave",
          "label": "men's > aftershave"
        },
        {
          "name": "beauty minis",
          "label": "beauty & skincare > beauty minis"
        },
        {
          "name": "toiletries",
          "label": "sun & holiday > toiletries"
        }
      ],
      [
        {
          "name": "aftershave",
          "label": "toiletries > men's toiletries > aftershave"
        },
        {
          "name": "aftershave",
          "label": "men's > men's toiletries > aftershave"
        },
        {
          "name": "wash bags & organisers",
          "label": "beauty & skincare > makeup > wash bags & organisers"
        },
        {
          "name": "wash bags & organisers",
          "label": "beauty & skincare > accessories > wash bags & organisers"
        },
        {
          "name": "shop all accessories",
          "label": "beauty & skincare > accessories > shop all accessories"
        },
        {
          "name": "all perfumes",
          "label": "fragrance > perfume > all perfumes"
        },
        {
          "name": "all aftershave",
          "label": "fragrance > aftershave > all aftershave"
        },
        {
          "name": "wash bags & organisers",
          "label": "toiletries > bathroom essentials > wash bags & organisers"
        },
        {
          "name": "all aftershave",
          "label": "gift > gifts for him > all aftershave"
        },
        {
          "name": "all perfumes",
          "label": "gift > gifts for her > all perfumes"
        },
        {
          "name": "all aftershave",
          "label": "men's > aftershave > all aftershave"
        }
      ],
      [
        {
          "name": "all aftershave",
          "label": "toiletries > men's toiletries > aftershave > all aftershave"
        },
        {
          "name": "all aftershave",
          "label": "men's > men's toiletries > aftershave > all aftershave"
        }
      ]
    ],
    "reviews": {
      "average": 4.16,
      "count": 64,
      "rounded": 4
    },
    "parent": {
      "product": "1918864",
      "partNumber": "10223032.P",
      "model": "10223032",
      "manufacturerModel": "6793746"
    },
    "images": {
      "thumbnail": "https://boots.scene7.com/is/image/Boots/10223032?wid=45&hei=60&op_sharpen=1"
    },
    "offers": [
      {
        "text": "Save up to 20 percent on selected fragrances"
      }
    ],
    "actions": {},
    "iconUri": "https://boots.scene7.com/is/image/Boots/10223032?op_sharpen=1",
    "title": "Travalo Perfume Pod Refillable Atomiser 5ml - Silver",
    "referenceUri": "/travalo-perfume-pod-refillable-atomiser-5ml---silver-10223032",
    "canAddToBasket": "yes",
    "opticians": false,
    "inStock": false,
    "expressDelivery": false,
    "hasOtherPromotion": true,
    "channelPromotionalTextMap": {
      "-1": [
        "Save up to 20 percent on selected fragrances"
      ],
      "-6": [
        "Save up to 20 percent on selected fragrances"
      ]
    },
    "adCardPoints": 18
  },
  {
    "_id": {
      "$oid": "65ec108d9884656b92f559bb"
    },
    "ppuQuantity": "30ML",
    "pricing": {
      "perUnit": "£96.67 per 100ML",
      "regular": {
        "value": 29,
        "currency": "GBP",
        "text": "£29.00"
      },
      "current": {
        "value": 29,
        "currency": "GBP",
        "text": "£29.00"
      }
    },
    "objectId": "2562450",
    "brand": "Ghost",
    "attributes": {
      "fragrance_scent": "floral",
      "size": "21-30",
      "gender": "womens",
      "StockOverrideMessage": "STOCK_COMING_SOON",
      "fragrance_type": "eau de parfum",
      "hasPriceAdvantageDeal": false,
      "Reporting_Category": "fragrance",
      "ProductReviewFlag": "1"
    },
    "variants": {
      "colours": [],
      "hasColours": false,
      "hasSizes": false
    },
    "categories": [
      [
        {
          "name": "vegan",
          "label": "vegan"
        },
        {
          "name": "fragrance",
          "label": "fragrance"
        },
        {
          "name": "gift",
          "label": "gift"
        },
        {
          "name": "wellness",
          "label": "wellness"
        }
      ],
      [
        {
          "name": "vegan fragrance",
          "label": "vegan > vegan fragrance"
        },
        {
          "name": "perfume",
          "label": "fragrance > perfume"
        },
        {
          "name": "gifts for her",
          "label": "gift > gifts for her"
        },
        {
          "name": "vegan",
          "label": "wellness > vegan"
        },
        {
          "name": "5* rated perfumes & aftershaves",
          "label": "fragrance > 5* rated perfumes & aftershaves"
        },
        {
          "name": "vegan fragrance",
          "label": "fragrance > vegan fragrance"
        }
      ],
      [
        {
          "name": "all perfumes",
          "label": "fragrance > perfume > all perfumes"
        },
        {
          "name": "floral perfume",
          "label": "fragrance > perfume > floral perfume"
        },
        {
          "name": "all perfumes",
          "label": "gift > gifts for her > all perfumes"
        },
        {
          "name": "vegan fragrance",
          "label": "wellness > vegan > vegan fragrance"
        }
      ]
    ],
    "reviews": {
      "average": 5,
      "count": 5,
      "rounded": 5
    },
    "parent": {
      "product": "2562449",
      "partNumber": "10298110.P",
      "model": "10298110",
      "manufacturerModel": "8860602"
    },
    "images": {
      "thumbnail": "https://boots.scene7.com/is/image/Boots/10298110?wid=45&hei=60&op_sharpen=1"
    },
    "offers": [],
    "actions": {},
    "iconUri": "https://boots.scene7.com/is/image/Boots/10298110?op_sharpen=1",
    "title": "GHOST Orb of Night Eau De Parfum 30ml",
    "referenceUri": "/ghost-orb-of-night-eau-de-parfum--30ml-10298110",
    "canAddToBasket": "yes",
    "opticians": false,
    "inStock": false,
    "expressDelivery": false,
    "hasOtherPromotion": false,
    "channelPromotionalTextMap": {
      "-1": [],
      "-6": []
    },
    "adCardPoints": 87
  },
  {
    "_id": {
      "$oid": "65ec108d9884656b92f559bc"
    },
    "ppuQuantity": "30ML",
    "pricing": {
      "perUnit": "£181.33 per 100ML",
      "regular": {
        "value": 68,
        "currency": "GBP",
        "text": "£68.00"
      },
      "current": {
        "value": 54.4,
        "currency": "GBP",
        "text": "£54.40"
      },
      "saving": {
        "value": 13.6,
        "currency": "GBP",
        "text": "£13.60"
      }
    },
    "objectId": "2872617",
    "brand": "Chloe",
    "attributes": {
      "fragrance_scent": "floral",
      "product_type": "body spray",
      "StockOverrideMessage": "STOCK_COMING_SOON",
      "size": "21-30",
      "gender": "womens",
      "fragrance_type": "eau de parfum",
      "format": "spray",
      "hasPriceAdvantageDeal": false,
      "ProductReviewFlag": "1"
    },
    "variants": {
      "colours": [],
      "hasColours": false,
      "hasSizes": false
    },
    "categories": [
      [
        {
          "name": "new in",
          "label": "new in"
        },
        {
          "name": "fragrance",
          "label": "fragrance"
        },
        {
          "name": "gift",
          "label": "gift"
        }
      ],
      [
        {
          "name": "new in fragrance",
          "label": "new in > new in fragrance"
        },
        {
          "name": "perfume",
          "label": "fragrance > perfume"
        },
        {
          "name": "gifts for her",
          "label": "gift > gifts for her"
        },
        {
          "name": "new in fragrance",
          "label": "fragrance > new in fragrance"
        }
      ],
      [
        {
          "name": "all perfumes",
          "label": "fragrance > perfume > all perfumes"
        },
        {
          "name": "floral perfume",
          "label": "fragrance > perfume > floral perfume"
        },
        {
          "name": "all perfumes",
          "label": "gift > gifts for her > all perfumes"
        }
      ]
    ],
    "reviews": {
      "average": 4.68,
      "count": 399,
      "rounded": 4
    },
    "parent": {
      "product": "2872616",
      "partNumber": "10333364.P",
      "model": "10333364",
      "manufacturerModel": "5770904"
    },
    "images": {
      "thumbnail": "https://boots.scene7.com/is/image/Boots/10333364?wid=45&hei=60&op_sharpen=1"
    },
    "offers": [
      {
        "text": "Save up to 20 percent on selected fragrances"
      }
    ],
    "actions": {},
    "iconUri": "https://boots.scene7.com/is/image/Boots/10333364?op_sharpen=1",
    "title": "Chloé l'Eau de Parfum Lumineuse for Her 30ml ",
    "referenceUri": "/chlo%C3%A9-l-eau-de-parfum-lumineuse-for-her-30ml--10333364",
    "canAddToBasket": "yes",
    "opticians": false,
    "inStock": false,
    "expressDelivery": false,
    "hasOtherPromotion": true,
    "channelPromotionalTextMap": {
      "-1": [
        "Save up to 20 percent on selected fragrances"
      ],
      "-6": [
        "Save up to 20 percent on selected fragrances"
      ]
    },
    "adCardPoints": 162
  },
  {
    "_id": {
      "$oid": "65ec108d9884656b92f559bd"
    },
    "ppuQuantity": "30ML",
    "pricing": {
      "perUnit": "£112.00 per 100ML",
      "regular": {
        "value": 42,
        "currency": "GBP",
        "text": "£42.00"
      },
      "current": {
        "value": 33.6,
        "currency": "GBP",
        "text": "£33.60"
      },
      "saving": {
        "value": 8.4,
        "currency": "GBP",
        "text": "£8.40"
      }
    },
    "objectId": "2515046",
    "brand": "Moschino",
    "attributes": {
      "fragrance_scent": [
        "fruity",
        "amber",
        "floral"
      ],
      "StockOverrideMessage": "STOCK_COMING_SOON",
      "gender": "womens",
      "size": "21-30",
      "fragrance_type": "eau de toilette",
      "hasPriceAdvantageDeal": false,
      "Reporting_Category": "fragrance",
      "ProductReviewFlag": "1"
    },
    "variants": {
      "colours": [],
      "hasColours": false,
      "hasSizes": false
    },
    "categories": [
      [
        {
          "name": "vegan",
          "label": "vegan"
        },
        {
          "name": "fragrance",
          "label": "fragrance"
        },
        {
          "name": "gift",
          "label": "gift"
        },
        {
          "name": "wellness",
          "label": "wellness"
        }
      ],
      [
        {
          "name": "vegan fragrance",
          "label": "vegan > vegan fragrance"
        },
        {
          "name": "perfume",
          "label": "fragrance > perfume"
        },
        {
          "name": "gifts for her",
          "label": "gift > gifts for her"
        },
        {
          "name": "vegan",
          "label": "wellness > vegan"
        },
        {
          "name": "vegan fragrance",
          "label": "fragrance > vegan fragrance"
        }
      ],
      [
        {
          "name": "all perfumes",
          "label": "fragrance > perfume > all perfumes"
        },
        {
          "name": "floral perfume",
          "label": "fragrance > perfume > floral perfume"
        },
        {
          "name": "amber perfume",
          "label": "fragrance > perfume > amber perfume"
        },
        {
          "name": "all perfumes",
          "label": "gift > gifts for her > all perfumes"
        },
        {
          "name": "vegan fragrance",
          "label": "wellness > vegan > vegan fragrance"
        }
      ]
    ],
    "reviews": {
      "average": 3,
      "count": 8,
      "rounded": 3
    },
    "parent": {
      "product": "2515045",
      "partNumber": "10293161.P",
      "model": "10293161",
      "manufacturerModel": "3106179"
    },
    "images": {
      "thumbnail": "https://boots.scene7.com/is/image/Boots/10293161?wid=45&hei=60&op_sharpen=1"
    },
    "offers": [
      {
        "text": "Save up to 20 percent on selected fragrances"
      }
    ],
    "actions": {},
    "iconUri": "https://boots.scene7.com/is/image/Boots/10293161?op_sharpen=1",
    "title": "Moschino Toy2 Bubblegum Eau De Toilette 30ml",
    "referenceUri": "/moschino-toy-2-bubblegum-eau-de-toilette-30ml-10293161",
    "canAddToBasket": "yes",
    "opticians": false,
    "inStock": false,
    "expressDelivery": false,
    "hasOtherPromotion": true,
    "channelPromotionalTextMap": {
      "-1": [
        "Save up to 20 percent on selected fragrances"
      ],
      "-6": [
        "Save up to 20 percent on selected fragrances"
      ]
    },
    "adCardPoints": 99
  },
  {
    "_id": {
      "$oid": "65ec108d9884656b92f559be"
    },
    "ppuQuantity": null,
    "pricing": {
      "perUnit": "",
      "regular": {
        "value": 93,
        "currency": "GBP",
        "text": "£93.00"
      },
      "current": {
        "value": 46.5,
        "currency": "GBP",
        "text": "£46.50"
      },
      "saving": {
        "value": 46.5,
        "currency": "GBP",
        "text": "£46.50"
      }
    },
    "objectId": "2850597",
    "brand": "Givenchy",
    "attributes": {
      "fragrance_scent": "floral",
      "product_type": "gift set",
      "StockOverrideMessage": "STOCK_COMING_SOON",
      "gender": "womens",
      "recipient": [
        "gifts for women",
        "secret santa"
      ],
      "fragrance_type": "eau de parfum",
      "hasPriceAdvantageDeal": false,
      "gift_type": [
        "fragrance gifts",
        "fragrance gift sets",
        "stocking fillers"
      ],
      "ProductReviewFlag": "1"
    },
    "variants": {
      "colours": [],
      "hasColours": false,
      "hasSizes": false
    },
    "categories": [
      [
        {
          "name": "fragrance",
          "label": "fragrance"
        },
        {
          "name": "gift",
          "label": "gift"
        }
      ],
      [
        {
          "name": "perfume",
          "label": "fragrance > perfume"
        },
        {
          "name": "fragrance gift sets",
          "label": "fragrance > fragrance gift sets"
        },
        {
          "name": "gifts for her",
          "label": "gift > gifts for her"
        },
        {
          "name": "luxury fragrance",
          "label": "fragrance > luxury fragrance"
        },
        {
          "name": "luxury gifts",
          "label": "gift > luxury gifts"
        },
        {
          "name": "all gifts",
          "label": "gift > all gifts"
        }
      ],
      [
        {
          "name": "perfume gift sets",
          "label": "fragrance > perfume > perfume gift sets"
        },
        {
          "name": "all perfumes",
          "label": "fragrance > perfume > all perfumes"
        },
        {
          "name": "perfume gift sets",
          "label": "fragrance > fragrance gift sets > perfume gift sets"
        },
        {
          "name": "all perfumes",
          "label": "gift > gifts for her > all perfumes"
        }
      ]
    ],
    "reviews": {
      "average": 4.91,
      "count": 11,
      "rounded": 4
    },
    "parent": {
      "product": "2850596",
      "partNumber": "10330273.P",
      "model": "10330273",
      "manufacturerModel": "5711797"
    },
    "images": {
      "thumbnail": "https://boots.scene7.com/is/image/Boots/10330273?wid=45&hei=60&op_sharpen=1"
    },
    "offers": [
      {
        "text": "1/2 price on selected fragrance gift sets"
      }
    ],
    "actions": {},
    "iconUri": "https://boots.scene7.com/is/image/Boots/10330273?op_sharpen=1",
    "title": "Givenchy L'interdit Eau De Parfum Rouge 50ml With Le Rouge Deep Velvet 37",
    "referenceUri": "/givenchy-linterdit-eau-de-parfum-rouge-50ml-with-le-rouge-deep-velvet-37-10330273",
    "canAddToBasket": "yes",
    "opticians": false,
    "inStock": false,
    "expressDelivery": false,
    "hasOtherPromotion": true,
    "channelPromotionalTextMap": {
      "-1": [
        "1/2 price on selected fragrance gift sets"
      ],
      "-6": [
        "1/2 price on selected fragrance gift sets"
      ]
    },
    "adCardPoints": 138
  },
  {
    "_id": {
      "$oid": "65ec108d9884656b92f559bf"
    },
    "ppuQuantity": null,
    "pricing": {
      "perUnit": "",
      "regular": {
        "value": 131,
        "currency": "GBP",
        "text": "£131.00"
      },
      "current": {
        "value": 65.5,
        "currency": "GBP",
        "text": "£65.50"
      },
      "saving": {
        "value": 65.5,
        "currency": "GBP",
        "text": "£65.50"
      }
    },
    "objectId": "2850152",
    "brand": "Tiffany",
    "attributes": {
      "product_type": [
        "body lotion",
        "perfume"
      ],
      "StockOverrideMessage": "STOCK_COMING_SOON",
      "gender": "womens",
      "fragrance_type": "eau de parfum",
      "recipient": [
        "gifts for women",
        "secret santa"
      ],
      "hasPriceAdvantageDeal": false,
      "gift_type": [
        "fragrance gifts",
        "fragrance gift sets",
        "stocking fillers"
      ],
      "key_features": "long lasting",
      "ProductReviewFlag": "1"
    },
    "variants": {
      "colours": [],
      "hasColours": false,
      "hasSizes": false
    },
    "categories": [
      [
        {
          "name": "fragrance",
          "label": "fragrance"
        },
        {
          "name": "gift",
          "label": "gift"
        }
      ],
      [
        {
          "name": "perfume",
          "label": "fragrance > perfume"
        },
        {
          "name": "gifts for her",
          "label": "gift > gifts for her"
        },
        {
          "name": "fragrance gift sets",
          "label": "fragrance > fragrance gift sets"
        },
        {
          "name": "luxury fragrance",
          "label": "fragrance > luxury fragrance"
        },
        {
          "name": "luxury gifts",
          "label": "gift > luxury gifts"
        },
        {
          "name": "all gifts",
          "label": "gift > all gifts"
        }
      ],
      [
        {
          "name": "all perfumes",
          "label": "fragrance > perfume > all perfumes"
        },
        {
          "name": "all perfumes",
          "label": "gift > gifts for her > all perfumes"
        }
      ]
    ],
    "reviews": {
      "average": 4.56,
      "count": 16,
      "rounded": 4
    },
    "parent": {
      "product": "2850151",
      "partNumber": "10330256.P",
      "model": "10330256",
      "manufacturerModel": "5711576"
    },
    "images": {
      "thumbnail": "https://boots.scene7.com/is/image/Boots/10330256?wid=45&hei=60&op_sharpen=1"
    },
    "offers": [
      {
        "text": "1/2 price on selected fragrance gift sets"
      }
    ],
    "actions": {},
    "iconUri": "https://boots.scene7.com/is/image/Boots/10330256?op_sharpen=1",
    "title": "Tiffany & Co. For Women Eau de Parfum 75ml Giftset",
    "referenceUri": "/tiffany-and-co-for-women-eau-de-parfum-75ml-giftset-10330256",
    "canAddToBasket": "yes",
    "opticians": false,
    "inStock": false,
    "expressDelivery": false,
    "hasOtherPromotion": true,
    "channelPromotionalTextMap": {
      "-1": [
        "1/2 price on selected fragrance gift sets"
      ],
      "-6": [
        "1/2 price on selected fragrance gift sets"
      ]
    },
    "adCardPoints": 195
  },
  {
    "_id": {
      "$oid": "65ec108d9884656b92f559c0"
    },
    "ppuQuantity": null,
    "pricing": {
      "perUnit": "",
      "regular": {
        "value": 12,
        "currency": "GBP",
        "text": "£12.00"
      },
      "current": {
        "value": 6,
        "currency": "GBP",
        "text": "£6.00"
      },
      "saving": {
        "value": 6,
        "currency": "GBP",
        "text": "£6.00"
      }
    },
    "objectId": "2853145",
    "brand": "Ghost",
    "attributes": {
      "fragrance_scent": "floral",
      "product_type": "perfume",
      "StockOverrideMessage": "STOCK_COMING_SOON",
      "gender": "womens",
      "fragrance_type": "eau de toilette",
      "recipient": [
        "gifts for women",
        "secret santa"
      ],
      "hasPriceAdvantageDeal": false,
      "gift_type": [
        "stocking fillers",
        "fragrance gifts"
      ],
      "key_features": "cruelty-free",
      "ProductReviewFlag": "1"
    },
    "variants": {
      "colours": [],
      "hasColours": false,
      "hasSizes": false
    },
    "categories": [
      [
        {
          "name": "fragrance",
          "label": "fragrance"
        },
        {
          "name": "gift",
          "label": "gift"
        }
      ],
      [
        {
          "name": "perfume",
          "label": "fragrance > perfume"
        },
        {
          "name": "fragrance gift sets",
          "label": "fragrance > fragrance gift sets"
        },
        {
          "name": "gifts for her",
          "label": "gift > gifts for her"
        },
        {
          "name": "luxury fragrance",
          "label": "fragrance > luxury fragrance"
        },
        {
          "name": "luxury gifts",
          "label": "gift > luxury gifts"
        },
        {
          "name": "all gifts",
          "label": "gift > all gifts"
        }
      ],
      [
        {
          "name": "perfume gift sets",
          "label": "fragrance > perfume > perfume gift sets"
        },
        {
          "name": "all perfumes",
          "label": "fragrance > perfume > all perfumes"
        },
        {
          "name": "perfume gift sets",
          "label": "fragrance > fragrance gift sets > perfume gift sets"
        },
        {
          "name": "all perfumes",
          "label": "gift > gifts for her > all perfumes"
        }
      ]
    ],
    "reviews": {
      "average": null,
      "count": null,
      "rounded": null
    },
    "parent": {
      "product": "2853144",
      "partNumber": "10330709.P",
      "model": "10330709",
      "manufacturerModel": "5719038"
    },
    "images": {
      "thumbnail": "https://boots.scene7.com/is/image/Boots/10330709?wid=45&hei=60&op_sharpen=1"
    },
    "offers": [
      {
        "text": "1/2 price on selected fragrance gift sets"
      }
    ],
    "actions": {},
    "iconUri": "https://boots.scene7.com/is/image/Boots/10330709?op_sharpen=1",
    "title": "Ghost The Fragrance Mini Gift Set 5ml",
    "referenceUri": "/ghost-the-fragrance-mini-gift-set-10330709",
    "canAddToBasket": "yes",
    "opticians": false,
    "inStock": false,
    "expressDelivery": false,
    "hasOtherPromotion": true,
    "channelPromotionalTextMap": {
      "-1": [
        "1/2 price on selected fragrance gift sets"
      ],
      "-6": [
        "1/2 price on selected fragrance gift sets"
      ]
    },
    "adCardPoints": 18
  },
  {
    "_id": {
      "$oid": "65ec108d9884656b92f559c1"
    },
    "ppuQuantity": null,
    "pricing": {
      "perUnit": "",
      "regular": {
        "value": 35,
        "currency": "GBP",
        "text": "£35.00"
      },
      "current": {
        "value": 17.5,
        "currency": "GBP",
        "text": "£17.50"
      },
      "saving": {
        "value": 17.5,
        "currency": "GBP",
        "text": "£17.50"
      }
    },
    "objectId": "2852285",
    "brand": "Ariana Grande",
    "attributes": {
      "fragrance_scent": "vanilla",
      "product_type": "perfume",
      "gender": "womens",
      "StockOverrideMessage": "STOCK_COMING_SOON",
      "recipient": [
        "gifts for women",
        "secret santa"
      ],
      "fragrance_type": "eau de parfum",
      "hasPriceAdvantageDeal": false,
      "gift_type": "fragrance gifts",
      "key_features": "cruelty-free",
      "ProductReviewFlag": "1"
    },
    "variants": {
      "colours": [],
      "hasColours": false,
      "hasSizes": false
    },
    "categories": [
      [
        {
          "name": "fragrance",
          "label": "fragrance"
        },
        {
          "name": "gift",
          "label": "gift"
        }
      ],
      [
        {
          "name": "perfume",
          "label": "fragrance > perfume"
        },
        {
          "name": "fragrance gift sets",
          "label": "fragrance > fragrance gift sets"
        },
        {
          "name": "gifts for her",
          "label": "gift > gifts for her"
        },
        {
          "name": "luxury fragrance",
          "label": "fragrance > luxury fragrance"
        },
        {
          "name": "luxury gifts",
          "label": "gift > luxury gifts"
        },
        {
          "name": "all gifts",
          "label": "gift > all gifts"
        }
      ],
      [
        {
          "name": "perfume gift sets",
          "label": "fragrance > perfume > perfume gift sets"
        },
        {
          "name": "all perfumes",
          "label": "fragrance > perfume > all perfumes"
        },
        {
          "name": "perfume gift sets",
          "label": "fragrance > fragrance gift sets > perfume gift sets"
        },
        {
          "name": "all perfumes",
          "label": "gift > gifts for her > all perfumes"
        }
      ]
    ],
    "reviews": {
      "average": 5,
      "count": 5,
      "rounded": 5
    },
    "parent": {
      "product": "2852284",
      "partNumber": "10330629.P",
      "model": "10330629",
      "manufacturerModel": "5716519"
    },
    "images": {
      "thumbnail": "https://boots.scene7.com/is/image/Boots/10330629?wid=45&hei=60&op_sharpen=1"
    },
    "offers": [
      {
        "text": "1/2 price on selected fragrance gift sets"
      }
    ],
    "actions": {},
    "iconUri": "https://boots.scene7.com/is/image/Boots/10330629?op_sharpen=1",
    "title": "Ariana Grande MOD Vanilla 30ml Gift Set ",
    "referenceUri": "/ariana-grande-mod-vanilla-30ml-gift-set--10330629",
    "canAddToBasket": "yes",
    "opticians": false,
    "inStock": false,
    "expressDelivery": false,
    "hasOtherPromotion": true,
    "channelPromotionalTextMap": {
      "-1": [
        "1/2 price on selected fragrance gift sets"
      ],
      "-6": [
        "1/2 price on selected fragrance gift sets"
      ]
    },
    "adCardPoints": 51
  },
  {
    "_id": {
      "$oid": "65ec108d9884656b92f559c2"
    },
    "ppuQuantity": null,
    "pricing": {
      "perUnit": "",
      "regular": {
        "value": 76,
        "currency": "GBP",
        "text": "£76.00"
      },
      "current": {
        "value": 38,
        "currency": "GBP",
        "text": "£38.00"
      },
      "saving": {
        "value": 38,
        "currency": "GBP",
        "text": "£38.00"
      }
    },
    "objectId": "2850106",
    "brand": "Narciso Rodriguez",
    "attributes": {
      "fragrance_scent": [
        "floral",
        "musk",
        "amber"
      ],
      "StockOverrideMessage": "STOCK_COMING_SOON",
      "gender": "womens",
      "fragrance_type": "eau de toilette",
      "gift_type": [
        "fragrance gifts",
        "bath & body gifts"
      ],
      "skin_type": "all skin types",
      "product_type": [
        "gift set",
        "perfume"
      ],
      "size": "41-50",
      "recipient": "gifts for women",
      "hasPriceAdvantageDeal": false,
      "key_features": [
        "hydrating",
        "cleansing"
      ],
      "ProductReviewFlag": "1"
    },
    "variants": {
      "colours": [],
      "hasColours": false,
      "hasSizes": false
    },
    "categories": [
      [
        {
          "name": "fragrance",
          "label": "fragrance"
        },
        {
          "name": "gift",
          "label": "gift"
        }
      ],
      [
        {
          "name": "perfume",
          "label": "fragrance > perfume"
        },
        {
          "name": "fragrance gift sets",
          "label": "fragrance > fragrance gift sets"
        },
        {
          "name": "gifts for her",
          "label": "gift > gifts for her"
        },
        {
          "name": "luxury fragrance",
          "label": "fragrance > luxury fragrance"
        },
        {
          "name": "luxury gifts",
          "label": "gift > luxury gifts"
        },
        {
          "name": "all gifts",
          "label": "gift > all gifts"
        }
      ],
      [
        {
          "name": "perfume gift sets",
          "label": "fragrance > perfume > perfume gift sets"
        },
        {
          "name": "all perfumes",
          "label": "fragrance > perfume > all perfumes"
        },
        {
          "name": "perfume gift sets",
          "label": "fragrance > fragrance gift sets > perfume gift sets"
        },
        {
          "name": "all perfumes",
          "label": "gift > gifts for her > all perfumes"
        }
      ]
    ],
    "reviews": {
      "average": 5,
      "count": 3,
      "rounded": 5
    },
    "parent": {
      "product": "2850105",
      "partNumber": "10330233.P",
      "model": "10330233",
      "manufacturerModel": "5710200"
    },
    "images": {
      "thumbnail": "https://boots.scene7.com/is/image/Boots/10330233?wid=45&hei=60&op_sharpen=1"
    },
    "offers": [
      {
        "text": "1/2 price on selected fragrance gift sets"
      }
    ],
    "actions": {},
    "iconUri": "https://boots.scene7.com/is/image/Boots/10330233?op_sharpen=1",
    "title": "Narciso Rodriguez for her Eau de Toilette Christmas 50ml Set",
    "referenceUri": "/narciso-rodriguez-for-her-eau-de-toilette-christmas-50ml-set-10330233",
    "canAddToBasket": "yes",
    "opticians": false,
    "inStock": false,
    "expressDelivery": false,
    "hasOtherPromotion": true,
    "channelPromotionalTextMap": {
      "-1": [
        "1/2 price on selected fragrance gift sets"
      ],
      "-6": [
        "1/2 price on selected fragrance gift sets"
      ]
    },
    "adCardPoints": 114
  },
  {
    "_id": {
      "$oid": "65ec108d9884656b92f559c3"
    },
    "ppuQuantity": "90ML",
    "pricing": {
      "perUnit": "£118.06 per 100ML",
      "regular": {
        "value": 125,
        "currency": "GBP",
        "text": "£125.00"
      },
      "current": {
        "value": 106.25,
        "currency": "GBP",
        "text": "£106.25"
      },
      "saving": {
        "value": 18.75,
        "currency": "GBP",
        "text": "£18.75"
      }
    },
    "objectId": "2573425",
    "brand": "Mugler",
    "attributes": {
      "fragrance_scent": [
        "amber",
        "floral",
        "woody"
      ],
      "StockOverrideMessage": "STOCK_COMING_SOON",
      "size": "71-100",
      "fragrance_type": "eau de parfum",
      "hasPriceAdvantageDeal": false,
      "Reporting_Category": "fragrance",
      "ProductReviewFlag": "1"
    },
    "variants": {
      "colours": [],
      "hasColours": false,
      "hasSizes": false
    },
    "categories": [
      [
        {
          "name": "fragrance",
          "label": "fragrance"
        },
        {
          "name": "sun & holiday",
          "label": "sun & holiday"
        },
        {
          "name": "gift",
          "label": "gift"
        }
      ],
      [
        {
          "name": "5* rated perfumes & aftershaves",
          "label": "fragrance > 5* rated perfumes & aftershaves"
        },
        {
          "name": "perfume",
          "label": "fragrance > perfume"
        },
        {
          "name": "love island",
          "label": "sun & holiday > love island"
        },
        {
          "name": "gifts for her",
          "label": "gift > gifts for her"
        }
      ],
      [
        {
          "name": "all perfumes",
          "label": "fragrance > perfume > all perfumes"
        },
        {
          "name": "floral perfume",
          "label": "fragrance > perfume > floral perfume"
        },
        {
          "name": "amber perfume",
          "label": "fragrance > perfume > amber perfume"
        },
        {
          "name": "perfume refill bottles",
          "label": "fragrance > perfume > perfume refill bottles"
        },
        {
          "name": "shop the love island villa",
          "label": "sun & holiday > love island > shop the love island villa"
        },
        {
          "name": "all perfumes",
          "label": "gift > gifts for her > all perfumes"
        }
      ]
    ],
    "reviews": {
      "average": 4.77,
      "count": 1337,
      "rounded": 4
    },
    "parent": {
      "product": "2573424",
      "partNumber": "10299392.P",
      "model": "10299392",
      "manufacturerModel": "4901797"
    },
    "images": {
      "thumbnail": "https://boots.scene7.com/is/image/Boots/10299392?wid=45&hei=60&op_sharpen=1"
    },
    "offers": [
      {
        "text": "Free gift when you buy selected Mugler - whilst stocks last"
      },
      {
        "text": "Save up to 20 percent on selected fragrances"
      }
    ],
    "actions": {},
    "iconUri": "https://boots.scene7.com/is/image/Boots/10299392?op_sharpen=1",
    "title": "MUGLER Alien Goddess Refillable Eau de Parfum 90ml",
    "referenceUri": "/mugler-alien-goddess-eau-de-parfum-90ml-10299392",
    "canAddToBasket": "yes",
    "opticians": false,
    "inStock": false,
    "expressDelivery": false,
    "hasOtherPromotion": true,
    "channelPromotionalTextMap": {
      "-1": [
        "Free gift when you buy selected Mugler - whilst stocks last",
        "Save up to 20 percent on selected fragrances"
      ],
      "-6": [
        "Free gift when you buy selected Mugler - whilst stocks last",
        "Save up to 20 percent on selected fragrances"
      ]
    },
    "adCardPoints": 318
  },
  {
    "_id": {
      "$oid": "65ec108d9884656b92f559c4"
    },
    "ppuQuantity": null,
    "pricing": {
      "perUnit": "",
      "regular": {
        "value": 62,
        "currency": "GBP",
        "text": "£62.00"
      },
      "current": {
        "value": 31,
        "currency": "GBP",
        "text": "£31.00"
      },
      "saving": {
        "value": 31,
        "currency": "GBP",
        "text": "£31.00"
      }
    },
    "objectId": "2850174",
    "brand": "Calvin Klein",
    "attributes": {
      "fragrance_scent": "floral",
      "product_type": [
        "body spray",
        "gift set"
      ],
      "StockOverrideMessage": "STOCK_COMING_SOON",
      "gender": "womens",
      "fragrance_type": "eau de parfum",
      "recipient": [
        "secret santa",
        "gifts for women"
      ],
      "hasPriceAdvantageDeal": false,
      "gift_type": "fragrance gifts",
      "key_features": "long lasting",
      "ProductReviewFlag": "1"
    },
    "variants": {
      "colours": [],
      "hasColours": false,
      "hasSizes": false
    },
    "categories": [
      [
        {
          "name": "fragrance",
          "label": "fragrance"
        },
        {
          "name": "gift",
          "label": "gift"
        }
      ],
      [
        {
          "name": "perfume",
          "label": "fragrance > perfume"
        },
        {
          "name": "fragrance gift sets",
          "label": "fragrance > fragrance gift sets"
        },
        {
          "name": "gifts for her",
          "label": "gift > gifts for her"
        },
        {
          "name": "luxury fragrance",
          "label": "fragrance > luxury fragrance"
        },
        {
          "name": "luxury gifts",
          "label": "gift > luxury gifts"
        },
        {
          "name": "all gifts",
          "label": "gift > all gifts"
        }
      ],
      [
        {
          "name": "perfume gift sets",
          "label": "fragrance > perfume > perfume gift sets"
        },
        {
          "name": "all perfumes",
          "label": "fragrance > perfume > all perfumes"
        },
        {
          "name": "perfume gift sets",
          "label": "fragrance > fragrance gift sets > perfume gift sets"
        },
        {
          "name": "all perfumes",
          "label": "gift > gifts for her > all perfumes"
        }
      ]
    ],
    "reviews": {
      "average": 4.65,
      "count": 141,
      "rounded": 4
    },
    "parent": {
      "product": "2850173",
      "partNumber": "10330267.P",
      "model": "10330267",
      "manufacturerModel": "5711681"
    },
    "images": {
      "thumbnail": "https://boots.scene7.com/is/image/Boots/10330267?wid=45&hei=60&op_sharpen=1"
    },
    "offers": [
      {
        "text": "1/2 price on selected fragrance gift sets"
      }
    ],
    "actions": {},
    "iconUri": "https://boots.scene7.com/is/image/Boots/10330267?op_sharpen=1",
    "title": "Calvin Klein Euphoria For Her Eau de Parfum 50ml Giftset",
    "referenceUri": "/calvin-klein-euphoria-for-her-eau-de-parfum-50ml-giftset-10330267",
    "canAddToBasket": "yes",
    "opticians": false,
    "inStock": false,
    "expressDelivery": false,
    "hasOtherPromotion": true,
    "channelPromotionalTextMap": {
      "-1": [
        "1/2 price on selected fragrance gift sets"
      ],
      "-6": [
        "1/2 price on selected fragrance gift sets"
      ]
    },
    "adCardPoints": 93
  },
  {
    "_id": {
      "$oid": "65ec108d9884656b92f559c5"
    },
    "ppuQuantity": null,
    "pricing": {
      "perUnit": "",
      "regular": {
        "value": 105,
        "currency": "GBP",
        "text": "£105.00"
      },
      "current": {
        "value": 52.5,
        "currency": "GBP",
        "text": "£52.50"
      },
      "saving": {
        "value": 52.5,
        "currency": "GBP",
        "text": "£52.50"
      }
    },
    "objectId": "2850150",
    "brand": "Chloe",
    "attributes": {
      "fragrance_scent": "sweet",
      "product_type": [
        "body spray",
        "gift set"
      ],
      "StockOverrideMessage": "STOCK_COMING_SOON",
      "gender": "womens",
      "recipient": [
        "gifts for women",
        "secret santa"
      ],
      "fragrance_type": "eau de parfum",
      "hasPriceAdvantageDeal": false,
      "gift_type": "fragrance gifts",
      "key_features": "long lasting",
      "ProductReviewFlag": "1"
    },
    "variants": {
      "colours": [],
      "hasColours": false,
      "hasSizes": false
    },
    "categories": [
      [
        {
          "name": "fragrance",
          "label": "fragrance"
        },
        {
          "name": "gift",
          "label": "gift"
        }
      ],
      [
        {
          "name": "perfume",
          "label": "fragrance > perfume"
        },
        {
          "name": "fragrance gift sets",
          "label": "fragrance > fragrance gift sets"
        },
        {
          "name": "gifts for her",
          "label": "gift > gifts for her"
        },
        {
          "name": "luxury fragrance",
          "label": "fragrance > luxury fragrance"
        },
        {
          "name": "luxury gifts",
          "label": "gift > luxury gifts"
        },
        {
          "name": "all gifts",
          "label": "gift > all gifts"
        }
      ],
      [
        {
          "name": "perfume gift sets",
          "label": "fragrance > perfume > perfume gift sets"
        },
        {
          "name": "all perfumes",
          "label": "fragrance > perfume > all perfumes"
        },
        {
          "name": "perfume gift sets",
          "label": "fragrance > fragrance gift sets > perfume gift sets"
        },
        {
          "name": "all perfumes",
          "label": "gift > gifts for her > all perfumes"
        }
      ]
    ],
    "reviews": {
      "average": 4.43,
      "count": 1385,
      "rounded": 4
    },
    "parent": {
      "product": "2850149",
      "partNumber": "10330255.P",
      "model": "10330255",
      "manufacturerModel": "5711568"
    },
    "images": {
      "thumbnail": "https://boots.scene7.com/is/image/Boots/10330255?wid=45&hei=60&op_sharpen=1"
    },
    "offers": [
      {
        "text": "1/2 price on selected fragrance gift sets"
      }
    ],
    "actions": {},
    "iconUri": "https://boots.scene7.com/is/image/Boots/10330255?op_sharpen=1",
    "title": "Chloé Eau de Parfum For Her 50ml Giftset",
    "referenceUri": "/chlo%C3%A9-eau-de-parfum-for-her-50ml-giftset-10330255",
    "canAddToBasket": "yes",
    "opticians": false,
    "inStock": false,
    "expressDelivery": false,
    "hasOtherPromotion": true,
    "channelPromotionalTextMap": {
      "-1": [
        "1/2 price on selected fragrance gift sets"
      ],
      "-6": [
        "1/2 price on selected fragrance gift sets"
      ]
    },
    "adCardPoints": 156
  },
  {
    "_id": {
      "$oid": "65ec108d9884656b92f559c6"
    },
    "ppuQuantity": null,
    "pricing": {
      "perUnit": "",
      "regular": {
        "value": 90.5,
        "currency": "GBP",
        "text": "£90.50"
      },
      "current": {
        "value": 45.25,
        "currency": "GBP",
        "text": "£45.25"
      },
      "saving": {
        "value": 45.25,
        "currency": "GBP",
        "text": "£45.25"
      }
    },
    "objectId": "2850607",
    "brand": "Givenchy",
    "attributes": {
      "fragrance_scent": "floral",
      "product_type": "gift set",
      "StockOverrideMessage": "STOCK_COMING_SOON",
      "gender": "womens",
      "recipient": [
        "secret santa",
        "gifts for women"
      ],
      "fragrance_type": "eau de parfum",
      "hasPriceAdvantageDeal": false,
      "gift_type": [
        "fragrance gifts",
        "fragrance gift sets",
        "stocking fillers"
      ],
      "ProductReviewFlag": "1"
    },
    "variants": {
      "colours": [],
      "hasColours": false,
      "hasSizes": false
    },
    "categories": [
      [
        {
          "name": "fragrance",
          "label": "fragrance"
        },
        {
          "name": "gift",
          "label": "gift"
        }
      ],
      [
        {
          "name": "perfume",
          "label": "fragrance > perfume"
        },
        {
          "name": "fragrance gift sets",
          "label": "fragrance > fragrance gift sets"
        },
        {
          "name": "gifts for her",
          "label": "gift > gifts for her"
        },
        {
          "name": "luxury fragrance",
          "label": "fragrance > luxury fragrance"
        },
        {
          "name": "recommended",
          "label": "fragrance > recommended"
        },
        {
          "name": "all baby & kids' clothing",
          "label": "gift > all baby & kids' clothing"
        },
        {
          "name": "luxury gifts",
          "label": "gift > luxury gifts"
        },
        {
          "name": "all gifts",
          "label": "gift > all gifts"
        }
      ],
      [
        {
          "name": "perfume gift sets",
          "label": "fragrance > perfume > perfume gift sets"
        },
        {
          "name": "all perfumes",
          "label": "fragrance > perfume > all perfumes"
        },
        {
          "name": "perfume gift sets",
          "label": "fragrance > fragrance gift sets > perfume gift sets"
        },
        {
          "name": "all perfumes",
          "label": "gift > gifts for her > all perfumes"
        }
      ]
    ],
    "reviews": {
      "average": 4,
      "count": 2,
      "rounded": 4
    },
    "parent": {
      "product": "2850606",
      "partNumber": "10330272.P",
      "model": "10330272",
      "manufacturerModel": "5711770"
    },
    "images": {
      "thumbnail": "https://boots.scene7.com/is/image/Boots/10330272?wid=45&hei=60&op_sharpen=1"
    },
    "offers": [
      {
        "text": "1/2 price on selected fragrance gift sets"
      }
    ],
    "actions": {},
    "iconUri": "https://boots.scene7.com/is/image/Boots/10330272?op_sharpen=1",
    "title": "Givenchy L'interdit Eau De Parfum 50ml With Travel Spray",
    "referenceUri": "/givenchy-linterdit-eau-de-parfum-50ml-with-travel-spray-10330272",
    "canAddToBasket": "yes",
    "opticians": false,
    "inStock": false,
    "expressDelivery": false,
    "hasOtherPromotion": true,
    "channelPromotionalTextMap": {
      "-1": [
        "1/2 price on selected fragrance gift sets"
      ],
      "-6": [
        "1/2 price on selected fragrance gift sets"
      ]
    },
    "adCardPoints": 135
  },
  {
    "_id": {
      "$oid": "65ec108d9884656b92f559c7"
    },
    "ppuQuantity": null,
    "pricing": {
      "perUnit": "",
      "regular": {
        "value": 28,
        "currency": "GBP",
        "text": "£28.00"
      },
      "current": {
        "value": 14,
        "currency": "GBP",
        "text": "£14.00"
      },
      "saving": {
        "value": 14,
        "currency": "GBP",
        "text": "£14.00"
      }
    },
    "objectId": "2852295",
    "brand": "Ariana Grande",
    "attributes": {
      "fragrance_scent": "fruity",
      "product_type": "perfume",
      "gender": "womens",
      "StockOverrideMessage": "STOCK_COMING_SOON",
      "recipient": [
        "gifts for women",
        "secret santa"
      ],
      "fragrance_type": "eau de parfum",
      "hasPriceAdvantageDeal": false,
      "gift_type": [
        "fragrance gifts",
        "stocking fillers"
      ],
      "key_features": "cruelty-free",
      "ProductReviewFlag": "1"
    },
    "variants": {
      "colours": [],
      "hasColours": false,
      "hasSizes": false
    },
    "categories": [
      [
        {
          "name": "fragrance",
          "label": "fragrance"
        },
        {
          "name": "gift",
          "label": "gift"
        }
      ],
      [
        {
          "name": "perfume",
          "label": "fragrance > perfume"
        },
        {
          "name": "fragrance gift sets",
          "label": "fragrance > fragrance gift sets"
        },
        {
          "name": "gifts for her",
          "label": "gift > gifts for her"
        },
        {
          "name": "luxury fragrance",
          "label": "fragrance > luxury fragrance"
        },
        {
          "name": "luxury gifts",
          "label": "gift > luxury gifts"
        },
        {
          "name": "all gifts",
          "label": "gift > all gifts"
        }
      ],
      [
        {
          "name": "perfume gift sets",
          "label": "fragrance > perfume > perfume gift sets"
        },
        {
          "name": "all perfumes",
          "label": "fragrance > perfume > all perfumes"
        },
        {
          "name": "perfume gift sets",
          "label": "fragrance > fragrance gift sets > perfume gift sets"
        },
        {
          "name": "all perfumes",
          "label": "gift > gifts for her > all perfumes"
        }
      ]
    ],
    "reviews": {
      "average": null,
      "count": null,
      "rounded": null
    },
    "parent": {
      "product": "2852294",
      "partNumber": "10330634.P",
      "model": "10330634",
      "manufacturerModel": "5716578"
    },
    "images": {
      "thumbnail": "https://boots.scene7.com/is/image/Boots/10330634?wid=45&hei=60&op_sharpen=1"
    },
    "offers": [
      {
        "text": "1/2 price on selected fragrance gift sets"
      }
    ],
    "actions": {},
    "iconUri": "https://boots.scene7.com/is/image/Boots/10330634?op_sharpen=1",
    "title": "Ariana Grande Deluxe Cracker With Ari, Sweet Like Candy & God Is A Woman Mini Eau de Parfum 7.5ml",
    "referenceUri": "/ariana-grande-deluxe-mini-cracker-ari-sweet-like-candy-god-is-a-woman-10330634",
    "canAddToBasket": "yes",
    "opticians": false,
    "inStock": false,
    "expressDelivery": false,
    "hasOtherPromotion": true,
    "channelPromotionalTextMap": {
      "-1": [
        "1/2 price on selected fragrance gift sets"
      ],
      "-6": [
        "1/2 price on selected fragrance gift sets"
      ]
    },
    "adCardPoints": 42
  },
  {
    "_id": {
      "$oid": "65ec108d9884656b92f559c8"
    },
    "ppuQuantity": null,
    "pricing": {
      "perUnit": "",
      "regular": {
        "value": 45,
        "currency": "GBP",
        "text": "£45.00"
      },
      "current": {
        "value": 22.5,
        "currency": "GBP",
        "text": "£22.50"
      },
      "saving": {
        "value": 22.5,
        "currency": "GBP",
        "text": "£22.50"
      }
    },
    "objectId": "2852291",
    "brand": "Ariana Grande",
    "attributes": {
      "fragrance_scent": "fruity",
      "product_type": "perfume",
      "gender": "womens",
      "StockOverrideMessage": "STOCK_COMING_SOON",
      "recipient": [
        "gifts for women",
        "secret santa"
      ],
      "fragrance_type": "eau de parfum",
      "hasPriceAdvantageDeal": false,
      "gift_type": "fragrance gifts",
      "key_features": "cruelty-free",
      "ProductReviewFlag": "1"
    },
    "variants": {
      "colours": [],
      "hasColours": false,
      "hasSizes": false
    },
    "categories": [
      [
        {
          "name": "fragrance",
          "label": "fragrance"
        },
        {
          "name": "gift",
          "label": "gift"
        }
      ],
      [
        {
          "name": "perfume",
          "label": "fragrance > perfume"
        },
        {
          "name": "fragrance gift sets",
          "label": "fragrance > fragrance gift sets"
        },
        {
          "name": "gifts for her",
          "label": "gift > gifts for her"
        },
        {
          "name": "luxury fragrance",
          "label": "fragrance > luxury fragrance"
        },
        {
          "name": "luxury gifts",
          "label": "gift > luxury gifts"
        },
        {
          "name": "all gifts",
          "label": "gift > all gifts"
        }
      ],
      [
        {
          "name": "perfume gift sets",
          "label": "fragrance > perfume > perfume gift sets"
        },
        {
          "name": "all perfumes",
          "label": "fragrance > perfume > all perfumes"
        },
        {
          "name": "perfume gift sets",
          "label": "fragrance > fragrance gift sets > perfume gift sets"
        },
        {
          "name": "all perfumes",
          "label": "gift > gifts for her > all perfumes"
        }
      ]
    ],
    "reviews": {
      "average": null,
      "count": null,
      "rounded": null
    },
    "parent": {
      "product": "2852290",
      "partNumber": "10330632.P",
      "model": "10330632",
      "manufacturerModel": "5716543"
    },
    "images": {
      "thumbnail": "https://boots.scene7.com/is/image/Boots/10330632?wid=45&hei=60&op_sharpen=1"
    },
    "offers": [
      {
        "text": "1/2 price on selected fragrance gift sets"
      }
    ],
    "actions": {},
    "iconUri": "https://boots.scene7.com/is/image/Boots/10330632?op_sharpen=1",
    "title": "Ariana Grande God Is A Woman 50ml Gift Set ",
    "referenceUri": "/ariana-grande-god-is-a-woman-50ml-gift-set--10330632",
    "canAddToBasket": "yes",
    "opticians": false,
    "inStock": false,
    "expressDelivery": false,
    "hasOtherPromotion": true,
    "channelPromotionalTextMap": {
      "-1": [
        "1/2 price on selected fragrance gift sets"
      ],
      "-6": [
        "1/2 price on selected fragrance gift sets"
      ]
    },
    "adCardPoints": 66
  },
  {
    "_id": {
      "$oid": "65ec108d9884656b92f559c9"
    },
    "ppuQuantity": null,
    "pricing": {
      "perUnit": "",
      "regular": {
        "value": 94,
        "currency": "GBP",
        "text": "£94.00"
      },
      "current": {
        "value": 39.95,
        "currency": "GBP",
        "text": "£39.95"
      },
      "saving": {
        "value": 54.05,
        "currency": "GBP",
        "text": "£54.05"
      }
    },
    "objectId": "2932159",
    "brand": "Mugler",
    "attributes": {
      "product_type": "perfume",
      "StockOverrideMessage": "STOCK_COMING_SOON",
      "gender": "womens",
      "gift_set": "yes",
      "fragrance_type": "eau de toilette",
      "hasPriceAdvantageDeal": false,
      "gift_type": "fragrance gift sets",
      "ProductReviewFlag": "1"
    },
    "variants": {
      "colours": [],
      "hasColours": false,
      "hasSizes": false
    },
    "categories": [
      [
        {
          "name": "fragrance",
          "label": "fragrance"
        },
        {
          "name": "gift",
          "label": "gift"
        }
      ],
      [
        {
          "name": "perfume",
          "label": "fragrance > perfume"
        },
        {
          "name": "fragrance gift sets",
          "label": "fragrance > fragrance gift sets"
        },
        {
          "name": "gifts for her",
          "label": "gift > gifts for her"
        },
        {
          "name": "all gifts",
          "label": "gift > all gifts"
        }
      ],
      [
        {
          "name": "perfume gift sets",
          "label": "fragrance > perfume > perfume gift sets"
        },
        {
          "name": "all perfumes",
          "label": "fragrance > perfume > all perfumes"
        },
        {
          "name": "perfume gift sets",
          "label": "fragrance > fragrance gift sets > perfume gift sets"
        },
        {
          "name": "all perfumes",
          "label": "gift > gifts for her > all perfumes"
        }
      ]
    ],
    "reviews": {
      "average": 5,
      "count": 1,
      "rounded": 5
    },
    "parent": {
      "product": "2932158",
      "partNumber": "10340054.P",
      "model": "10340054",
      "manufacturerModel": "2270021"
    },
    "images": {
      "thumbnail": "https://boots.scene7.com/is/image/Boots/10340054?wid=45&hei=60&op_sharpen=1"
    },
    "offers": [
      {
        "text": "Save 15 percent on selected fragrance"
      },
      {
        "text": "1/2 price on selected fragrance gift sets"
      }
    ],
    "actions": {},
    "iconUri": "https://boots.scene7.com/is/image/Boots/10340054?op_sharpen=1",
    "title": "Mugler Angel Elixir Eau de Parfum 10ml + 50ml Gift Set",
    "referenceUri": "/mugler-angel-elixir-eau-de-parfum-10ml-50ml-gift-set-10340054",
    "canAddToBasket": "yes",
    "opticians": false,
    "inStock": false,
    "expressDelivery": false,
    "hasOtherPromotion": true,
    "channelPromotionalTextMap": {
      "-1": [
        "Save 15 percent on selected fragrance",
        "1/2 price on selected fragrance gift sets"
      ],
      "-6": [
        "Save 15 percent on selected fragrance",
        "1/2 price on selected fragrance gift sets"
      ]
    },
    "adCardPoints": 117
  },
  {
    "_id": {
      "$oid": "65ec108d9884656b92f559ca"
    },
    "ppuQuantity": null,
    "pricing": {
      "perUnit": "",
      "regular": {
        "value": 129,
        "currency": "GBP",
        "text": "£129.00"
      },
      "current": {
        "value": 54.82,
        "currency": "GBP",
        "text": "£54.82"
      },
      "saving": {
        "value": 74.18,
        "currency": "GBP",
        "text": "£74.18"
      }
    },
    "objectId": "2932153",
    "brand": "Viktor & Rolf",
    "attributes": {
      "product_type": "perfume",
      "StockOverrideMessage": "STOCK_COMING_SOON",
      "gender": "womens",
      "gift_set": "yes",
      "fragrance_type": "eau de parfum",
      "hasPriceAdvantageDeal": false,
      "gift_type": "fragrance gift sets",
      "ProductReviewFlag": "1"
    },
    "variants": {
      "colours": [],
      "hasColours": false,
      "hasSizes": false
    },
    "categories": [
      [
        {
          "name": "fragrance",
          "label": "fragrance"
        },
        {
          "name": "gift",
          "label": "gift"
        }
      ],
      [
        {
          "name": "perfume",
          "label": "fragrance > perfume"
        },
        {
          "name": "fragrance gift sets",
          "label": "fragrance > fragrance gift sets"
        },
        {
          "name": "gifts for her",
          "label": "gift > gifts for her"
        },
        {
          "name": "all gifts",
          "label": "gift > all gifts"
        }
      ],
      [
        {
          "name": "perfume gift sets",
          "label": "fragrance > perfume > perfume gift sets"
        },
        {
          "name": "all perfumes",
          "label": "fragrance > perfume > all perfumes"
        },
        {
          "name": "perfume gift sets",
          "label": "fragrance > fragrance gift sets > perfume gift sets"
        },
        {
          "name": "all perfumes",
          "label": "gift > gifts for her > all perfumes"
        }
      ]
    ],
    "reviews": {
      "average": 5,
      "count": 3,
      "rounded": 5
    },
    "parent": {
      "product": "2932152",
      "partNumber": "10340051.P",
      "model": "10340051",
      "manufacturerModel": "2269937"
    },
    "images": {
      "thumbnail": "https://boots.scene7.com/is/image/Boots/10340051?wid=45&hei=60&op_sharpen=1"
    },
    "offers": [
      {
        "text": "Save 15 percent on selected fragrance"
      },
      {
        "text": "1/2 price on selected fragrance gift sets"
      }
    ],
    "actions": {},
    "iconUri": "https://boots.scene7.com/is/image/Boots/10340051?op_sharpen=1",
    "title": "Viktor & Rolf Flowerbomb Eau de Parfum 100ml + 70g Candle Gift Set​",
    "referenceUri": "/flowerbomb-eau-de-parfum-100ml-70g-candle-gift-set%E2%80%8B-10340051",
    "canAddToBasket": "yes",
    "opticians": false,
    "inStock": false,
    "expressDelivery": false,
    "hasOtherPromotion": true,
    "channelPromotionalTextMap": {
      "-1": [
        "Save 15 percent on selected fragrance",
        "1/2 price on selected fragrance gift sets"
      ],
      "-6": [
        "Save 15 percent on selected fragrance",
        "1/2 price on selected fragrance gift sets"
      ]
    },
    "adCardPoints": 162
  },
  {
    "_id": {
      "$oid": "65ec108d9884656b92f559cb"
    },
    "ppuQuantity": null,
    "pricing": {
      "perUnit": "",
      "regular": {
        "value": 67,
        "currency": "GBP",
        "text": "£67.00"
      },
      "current": {
        "value": 33.5,
        "currency": "GBP",
        "text": "£33.50"
      },
      "saving": {
        "value": 33.5,
        "currency": "GBP",
        "text": "£33.50"
      }
    },
    "objectId": "2901603",
    "brand": "Mugler",
    "attributes": {
      "fragrance_scent": "amber",
      "product_type": [
        "perfume",
        "gift set"
      ],
      "StockOverrideMessage": "STOCK_COMING_SOON",
      "gender": "womens",
      "recipient": [
        "gifts for women",
        "secret santa"
      ],
      "fragrance_type": "eau de parfum",
      "hasPriceAdvantageDeal": false,
      "gift_type": [
        "fragrance gifts",
        "stocking fillers",
        "premium beauty gifts",
        "pamper gifts"
      ],
      "key_features": [
        "refreshing",
        "energising"
      ],
      "ProductReviewFlag": "1"
    },
    "variants": {
      "colours": [],
      "hasColours": false,
      "hasSizes": false
    },
    "categories": [
      [
        {
          "name": "fragrance",
          "label": "fragrance"
        },
        {
          "name": "gift",
          "label": "gift"
        }
      ],
      [
        {
          "name": "perfume",
          "label": "fragrance > perfume"
        },
        {
          "name": "fragrance gift sets",
          "label": "fragrance > fragrance gift sets"
        },
        {
          "name": "gifts for her",
          "label": "gift > gifts for her"
        },
        {
          "name": "luxury fragrance",
          "label": "fragrance > luxury fragrance"
        },
        {
          "name": "luxury gifts",
          "label": "gift > luxury gifts"
        },
        {
          "name": "all gifts",
          "label": "gift > all gifts"
        }
      ],
      [
        {
          "name": "perfume gift sets",
          "label": "fragrance > perfume > perfume gift sets"
        },
        {
          "name": "all perfumes",
          "label": "fragrance > perfume > all perfumes"
        },
        {
          "name": "perfume gift sets",
          "label": "fragrance > fragrance gift sets > perfume gift sets"
        },
        {
          "name": "all perfumes",
          "label": "gift > gifts for her > all perfumes"
        }
      ]
    ],
    "reviews": {
      "average": 5,
      "count": 5,
      "rounded": 5
    },
    "parent": {
      "product": "2901602",
      "partNumber": "10336634.P",
      "model": "10336634",
      "manufacturerModel": "5716691"
    },
    "images": {
      "thumbnail": "https://boots.scene7.com/is/image/Boots/10336634?wid=45&hei=60&op_sharpen=1"
    },
    "offers": [
      {
        "text": "1/2 price on selected fragrance gift sets"
      }
    ],
    "actions": {},
    "iconUri": "https://boots.scene7.com/is/image/Boots/10336634?op_sharpen=1",
    "title": "Mugler Alien Goddess Eau de Parfum 30ml set",
    "referenceUri": "/mugler-alien-goddess-eau-de-parfum-30ml-set-10336634",
    "canAddToBasket": "yes",
    "opticians": false,
    "inStock": false,
    "expressDelivery": false,
    "hasOtherPromotion": true,
    "channelPromotionalTextMap": {
      "-1": [
        "1/2 price on selected fragrance gift sets"
      ],
      "-6": [
        "1/2 price on selected fragrance gift sets"
      ]
    },
    "adCardPoints": 99
  },
  {
    "_id": {
      "$oid": "65ec108d9884656b92f559cc"
    },
    "ppuQuantity": "10ML",
    "pricing": {
      "perUnit": "£210.00 per 100ML",
      "regular": {
        "value": 28,
        "currency": "GBP",
        "text": "£28.00"
      },
      "current": {
        "value": 21,
        "currency": "GBP",
        "text": "£21.00"
      },
      "saving": {
        "value": 7,
        "currency": "GBP",
        "text": "£7.00"
      }
    },
    "objectId": "2898611",
    "brand": "Kayali",
    "attributes": {
      "fragrance_scent": "fruity",
      "product_type": "perfume",
      "StockOverrideMessage": "STOCK_COMING_SOON",
      "size": "0-10",
      "fragrance_type": "eau de parfum",
      "hasPriceAdvantageDeal": false,
      "ProductReviewFlag": "1"
    },
    "variants": {
      "colours": [],
      "hasColours": false,
      "hasSizes": false
    },
    "categories": [
      [
        {
          "name": "new in",
          "label": "new in"
        },
        {
          "name": "beauty & skincare",
          "label": "beauty & skincare"
        },
        {
          "name": "fragrance",
          "label": "fragrance"
        },
        {
          "name": "gift",
          "label": "gift"
        }
      ],
      [
        {
          "name": "new in fragrance",
          "label": "new in > new in fragrance"
        },
        {
          "name": "premium beauty & skincare",
          "label": "beauty & skincare > premium beauty & skincare"
        },
        {
          "name": "perfume",
          "label": "fragrance > perfume"
        },
        {
          "name": "gifts for her",
          "label": "gift > gifts for her"
        },
        {
          "name": "luxury fragrance",
          "label": "fragrance > luxury fragrance"
        },
        {
          "name": "new in fragrance",
          "label": "fragrance > new in fragrance"
        },
        {
          "name": "brands",
          "label": "fragrance > brands"
        }
      ],
      [
        {
          "name": "save up to 25% across selected premium beauty and No7",
          "label": "beauty & skincare > premium beauty & skincare > save up to 25% across selected premium beauty and No7"
        },
        {
          "name": "all perfumes",
          "label": "fragrance > perfume > all perfumes"
        },
        {
          "name": "all perfumes",
          "label": "gift > gifts for her > all perfumes"
        }
      ]
    ],
    "reviews": {
      "average": 5,
      "count": 1,
      "rounded": 5
    },
    "parent": {
      "product": "2898610",
      "partNumber": "10336354.P",
      "model": "10336354",
      "manufacturerModel": "5870860"
    },
    "images": {
      "thumbnail": "https://boots.scene7.com/is/image/Boots/10336354?wid=45&hei=60&op_sharpen=1"
    },
    "offers": [
      {
        "text": "Save up to 25 percent across selected Premium Beauty"
      }
    ],
    "actions": {},
    "iconUri": "https://boots.scene7.com/is/image/Boots/10336354?op_sharpen=1",
    "title": "Kayali Eden Sparkling Lychee 39 EDP 10ml",
    "referenceUri": "/kayali-eden-sparkling-lychee-39-edp-10ml-10336354",
    "canAddToBasket": "yes",
    "opticians": false,
    "inStock": false,
    "expressDelivery": false,
    "hasOtherPromotion": true,
    "channelPromotionalTextMap": {
      "-1": [
        "Save up to 25 percent across selected Premium Beauty"
      ],
      "-6": [
        "Save up to 25 percent across selected Premium Beauty"
      ]
    },
    "adCardPoints": 63
  },
  {
    "_id": {
      "$oid": "65ec108d9884656b92f559cd"
    },
    "ppuQuantity": null,
    "pricing": {
      "perUnit": "",
      "regular": {
        "value": 66,
        "currency": "GBP",
        "text": "£66.00"
      },
      "current": {
        "value": 33,
        "currency": "GBP",
        "text": "£33.00"
      },
      "saving": {
        "value": 33,
        "currency": "GBP",
        "text": "£33.00"
      }
    },
    "objectId": "2866683",
    "brand": "Jimmy Choo",
    "attributes": {
      "fragrance_scent": "fruity",
      "product_type": "gift set",
      "StockOverrideMessage": "STOCK_COMING_SOON",
      "gender": "womens",
      "recipient": [
        "gifts for women",
        "secret santa"
      ],
      "fragrance_type": "eau de parfum",
      "hasPriceAdvantageDeal": false,
      "gift_type": "fragrance gifts",
      "ProductReviewFlag": "1"
    },
    "variants": {
      "colours": [],
      "hasColours": false,
      "hasSizes": false
    },
    "categories": [
      [
        {
          "name": "fragrance",
          "label": "fragrance"
        },
        {
          "name": "gift",
          "label": "gift"
        }
      ],
      [
        {
          "name": "perfume",
          "label": "fragrance > perfume"
        },
        {
          "name": "fragrance gift sets",
          "label": "fragrance > fragrance gift sets"
        },
        {
          "name": "gifts for her",
          "label": "gift > gifts for her"
        },
        {
          "name": "luxury fragrance",
          "label": "fragrance > luxury fragrance"
        },
        {
          "name": "luxury gifts",
          "label": "gift > luxury gifts"
        },
        {
          "name": "all gifts",
          "label": "gift > all gifts"
        }
      ],
      [
        {
          "name": "perfume gift sets",
          "label": "fragrance > perfume > perfume gift sets"
        },
        {
          "name": "all perfumes",
          "label": "fragrance > perfume > all perfumes"
        },
        {
          "name": "perfume gift sets",
          "label": "fragrance > fragrance gift sets > perfume gift sets"
        },
        {
          "name": "all perfumes",
          "label": "gift > gifts for her > all perfumes"
        }
      ]
    ],
    "reviews": {
      "average": 5,
      "count": 1,
      "rounded": 5
    },
    "parent": {
      "product": "2866682",
      "partNumber": "10332563.P",
      "model": "10332563",
      "manufacturerModel": "5753465"
    },
    "images": {
      "thumbnail": "https://boots.scene7.com/is/image/Boots/10332563?wid=45&hei=60&op_sharpen=1"
    },
    "offers": [
      {
        "text": "1/2 price on selected fragrance gift sets"
      }
    ],
    "actions": {},
    "iconUri": "https://boots.scene7.com/is/image/Boots/10332563?op_sharpen=1",
    "title": "Jimmy Choo Eau de Parfum Gift Set Eau de Parfum 60ml & Body Lotion 100ml",
    "referenceUri": "/jimmy-choo-eau-de-parfum-gift-set-eau-de-parfum-60ml-body-lotion-100ml-10332563",
    "canAddToBasket": "yes",
    "opticians": false,
    "inStock": false,
    "expressDelivery": false,
    "hasOtherPromotion": true,
    "channelPromotionalTextMap": {
      "-1": [
        "1/2 price on selected fragrance gift sets"
      ],
      "-6": [
        "1/2 price on selected fragrance gift sets"
      ]
    },
    "adCardPoints": 99
  },
  {
    "_id": {
      "$oid": "65ec108d9884656b92f559ce"
    },
    "ppuQuantity": null,
    "pricing": {
      "perUnit": "",
      "regular": {
        "value": 96,
        "currency": "GBP",
        "text": "£96.00"
      },
      "current": {
        "value": 48,
        "currency": "GBP",
        "text": "£48.00"
      },
      "saving": {
        "value": 48,
        "currency": "GBP",
        "text": "£48.00"
      }
    },
    "objectId": "2864224",
    "brand": "Dolce & Gabbana",
    "attributes": {
      "fragrance_scent": "citrus",
      "product_type": "perfume",
      "gender": "womens",
      "StockOverrideMessage": "STOCK_COMING_SOON",
      "recipient": [
        "secret santa",
        "gifts for women"
      ],
      "fragrance_type": "eau de parfum",
      "hasPriceAdvantageDeal": false,
      "gift_type": [
        "premium beauty gifts",
        "fragrance gifts",
        "fragrance gift sets",
        "stocking fillers"
      ],
      "ProductReviewFlag": "1"
    },
    "variants": {
      "colours": [],
      "hasColours": false,
      "hasSizes": false
    },
    "categories": [
      [
        {
          "name": "new in",
          "label": "new in"
        },
        {
          "name": "beauty & skincare",
          "label": "beauty & skincare"
        },
        {
          "name": "fragrance",
          "label": "fragrance"
        },
        {
          "name": "gift",
          "label": "gift"
        }
      ],
      [
        {
          "name": "new in fragrance",
          "label": "new in > new in fragrance"
        },
        {
          "name": "premium beauty & skincare",
          "label": "beauty & skincare > premium beauty & skincare"
        },
        {
          "name": "perfume",
          "label": "fragrance > perfume"
        },
        {
          "name": "fragrance gift sets",
          "label": "fragrance > fragrance gift sets"
        },
        {
          "name": "gifts for her",
          "label": "gift > gifts for her"
        },
        {
          "name": "new in fragrance",
          "label": "fragrance > new in fragrance"
        },
        {
          "name": "luxury gifts",
          "label": "gift > luxury gifts"
        }
      ],
      [
        {
          "name": "premium beauty gifts",
          "label": "beauty & skincare > premium beauty & skincare > premium beauty gifts"
        },
        {
          "name": "perfume gift sets",
          "label": "fragrance > perfume > perfume gift sets"
        },
        {
          "name": "all perfumes",
          "label": "fragrance > perfume > all perfumes"
        },
        {
          "name": "perfume gift sets",
          "label": "fragrance > fragrance gift sets > perfume gift sets"
        },
        {
          "name": "premium beauty gifts",
          "label": "gift > gifts for her > premium beauty gifts"
        },
        {
          "name": "all perfumes",
          "label": "gift > gifts for her > all perfumes"
        }
      ]
    ],
    "reviews": {
      "average": 5,
      "count": 3,
      "rounded": 5
    },
    "parent": {
      "product": "2864223",
      "partNumber": "10332162.P",
      "model": "10332162",
      "manufacturerModel": "5745071"
    },
    "images": {
      "thumbnail": "https://boots.scene7.com/is/image/Boots/10332162?wid=45&hei=60&op_sharpen=1"
    },
    "offers": [
      {
        "text": "1/2 price on selected fragrance gift sets"
      }
    ],
    "actions": {},
    "iconUri": "https://boots.scene7.com/is/image/Boots/10332162?op_sharpen=1",
    "title": "Dolce&Gabbana Devotion Eau De Parfum 50ml Gift Set",
    "referenceUri": "/dolceandgabbana-devotion-eau-de-parfum-50ml-gift-set-10332162",
    "canAddToBasket": "yes",
    "opticians": false,
    "inStock": false,
    "expressDelivery": false,
    "hasOtherPromotion": true,
    "channelPromotionalTextMap": {
      "-1": [
        "1/2 price on selected fragrance gift sets"
      ],
      "-6": [
        "1/2 price on selected fragrance gift sets"
      ]
    },
    "adCardPoints": 144
  },
  {
    "_id": {
      "$oid": "65ec108d9884656b92f559cf"
    },
    "ppuQuantity": null,
    "pricing": {
      "perUnit": "",
      "regular": {
        "value": 92,
        "currency": "GBP",
        "text": "£92.00"
      },
      "current": {
        "value": 46,
        "currency": "GBP",
        "text": "£46.00"
      },
      "saving": {
        "value": 46,
        "currency": "GBP",
        "text": "£46.00"
      }
    },
    "objectId": "2857111",
    "brand": "Jean Paul Gaultier",
    "attributes": {
      "fragrance_scent": "aquatic",
      "product_type": "gift set",
      "gender": "womens",
      "StockOverrideMessage": "STOCK_COMING_SOON",
      "recipient": "gifts for women",
      "fragrance_type": "eau de parfum",
      "hasPriceAdvantageDeal": false,
      "gift_type": "fragrance gifts",
      "ProductReviewFlag": "1"
    },
    "variants": {
      "colours": [],
      "hasColours": false,
      "hasSizes": false
    },
    "categories": [
      [
        {
          "name": "fragrance",
          "label": "fragrance"
        },
        {
          "name": "gift",
          "label": "gift"
        }
      ],
      [
        {
          "name": "perfume",
          "label": "fragrance > perfume"
        },
        {
          "name": "fragrance gift sets",
          "label": "fragrance > fragrance gift sets"
        },
        {
          "name": "gifts for her",
          "label": "gift > gifts for her"
        },
        {
          "name": "luxury fragrance",
          "label": "fragrance > luxury fragrance"
        },
        {
          "name": "recommended",
          "label": "fragrance > recommended"
        },
        {
          "name": "all baby & kids' clothing",
          "label": "gift > all baby & kids' clothing"
        },
        {
          "name": "luxury gifts",
          "label": "gift > luxury gifts"
        },
        {
          "name": "all gifts",
          "label": "gift > all gifts"
        }
      ],
      [
        {
          "name": "perfume gift sets",
          "label": "fragrance > perfume > perfume gift sets"
        },
        {
          "name": "all perfumes",
          "label": "fragrance > perfume > all perfumes"
        },
        {
          "name": "perfume gift sets",
          "label": "fragrance > fragrance gift sets > perfume gift sets"
        },
        {
          "name": "all perfumes",
          "label": "gift > gifts for her > all perfumes"
        }
      ]
    ],
    "reviews": {
      "average": 5,
      "count": 2,
      "rounded": 5
    },
    "parent": {
      "product": "2857110",
      "partNumber": "10331196.P",
      "model": "10331196",
      "manufacturerModel": "5728134"
    },
    "images": {
      "thumbnail": "https://boots.scene7.com/is/image/Boots/10331196?wid=45&hei=60&op_sharpen=1"
    },
    "offers": [
      {
        "text": "1/2 price on selected fragrance gift sets"
      }
    ],
    "actions": {},
    "iconUri": "https://boots.scene7.com/is/image/Boots/10331196?op_sharpen=1",
    "title": "Jean Paul Gaultier Gaultier Divine Eau de Parfum 50ml Travel Spray 10ml Gift Set",
    "referenceUri": "/jean-paul-gaultier-gaultier-divine-edp-50ml-travel-spray-10ml-gift-set-10331196",
    "canAddToBasket": "yes",
    "opticians": false,
    "inStock": false,
    "expressDelivery": false,
    "hasOtherPromotion": true,
    "channelPromotionalTextMap": {
      "-1": [
        "1/2 price on selected fragrance gift sets"
      ],
      "-6": [
        "1/2 price on selected fragrance gift sets"
      ]
    },
    "adCardPoints": 138
  },
  {
    "_id": {
      "$oid": "65ec108d9884656b92f559d0"
    },
    "ppuQuantity": null,
    "pricing": {
      "perUnit": "",
      "regular": {
        "value": 35,
        "currency": "GBP",
        "text": "£35.00"
      },
      "current": {
        "value": 10.5,
        "currency": "GBP",
        "text": "£10.50"
      },
      "saving": {
        "value": 24.5,
        "currency": "GBP",
        "text": "£24.50"
      }
    },
    "objectId": "2853143",
    "brand": "Jennifer Lopez",
    "attributes": {
      "fragrance_scent": "fruity",
      "product_type": "perfume",
      "StockOverrideMessage": "STOCK_COMING_SOON",
      "gender": "womens",
      "fragrance_type": "eau de toilette",
      "recipient": [
        "gifts for women",
        "secret santa"
      ],
      "hasPriceAdvantageDeal": false,
      "gift_type": [
        "stocking fillers",
        "fragrance gifts"
      ],
      "key_features": "cruelty-free",
      "ProductReviewFlag": "1"
    },
    "variants": {
      "colours": [],
      "hasColours": false,
      "hasSizes": false
    },
    "categories": [
      [
        {
          "name": "fragrance",
          "label": "fragrance"
        },
        {
          "name": "gift",
          "label": "gift"
        }
      ],
      [
        {
          "name": "perfume",
          "label": "fragrance > perfume"
        },
        {
          "name": "fragrance gift sets",
          "label": "fragrance > fragrance gift sets"
        },
        {
          "name": "gifts for her",
          "label": "gift > gifts for her"
        },
        {
          "name": "luxury fragrance",
          "label": "fragrance > luxury fragrance"
        },
        {
          "name": "luxury gifts",
          "label": "gift > luxury gifts"
        },
        {
          "name": "all gifts",
          "label": "gift > all gifts"
        }
      ],
      [
        {
          "name": "perfume gift sets",
          "label": "fragrance > perfume > perfume gift sets"
        },
        {
          "name": "all perfumes",
          "label": "fragrance > perfume > all perfumes"
        },
        {
          "name": "perfume gift sets",
          "label": "fragrance > fragrance gift sets > perfume gift sets"
        },
        {
          "name": "all perfumes",
          "label": "gift > gifts for her > all perfumes"
        }
      ]
    ],
    "reviews": {
      "average": 5,
      "count": 3,
      "rounded": 5
    },
    "parent": {
      "product": "2853142",
      "partNumber": "10330708.P",
      "model": "10330708",
      "manufacturerModel": "5719011"
    },
    "images": {
      "thumbnail": "https://boots.scene7.com/is/image/Boots/10330708?wid=45&hei=60&op_sharpen=1"
    },
    "offers": [
      {
        "text": "Better than 1/2 price on selected fragrance gift sets"
      }
    ],
    "actions": {},
    "iconUri": "https://boots.scene7.com/is/image/Boots/10330708?op_sharpen=1",
    "title": "Jennifer Lopez Promise Eau de Parfum 50ml Gift Set",
    "referenceUri": "/jennifer-lopez-promise-50ml-gift-set-10330708",
    "canAddToBasket": "yes",
    "opticians": false,
    "inStock": false,
    "expressDelivery": false,
    "hasOtherPromotion": true,
    "channelPromotionalTextMap": {
      "-1": [
        "Better than 1/2 price on selected fragrance gift sets"
      ],
      "-6": [
        "Better than 1/2 price on selected fragrance gift sets"
      ]
    },
    "adCardPoints": 30
  },
  {
    "_id": {
      "$oid": "65ec108d9884656b92f559d1"
    },
    "ppuQuantity": null,
    "pricing": {
      "perUnit": "",
      "regular": {
        "value": 30,
        "currency": "GBP",
        "text": "£30.00"
      },
      "current": {
        "value": 15,
        "currency": "GBP",
        "text": "£15.00"
      },
      "saving": {
        "value": 15,
        "currency": "GBP",
        "text": "£15.00"
      }
    },
    "objectId": "2852293",
    "brand": "Ariana Grande",
    "attributes": {
      "fragrance_scent": "fruity",
      "product_type": "perfume",
      "gender": "womens",
      "StockOverrideMessage": "STOCK_COMING_SOON",
      "recipient": [
        "gifts for women",
        "secret santa"
      ],
      "fragrance_type": "eau de parfum",
      "hasPriceAdvantageDeal": false,
      "gift_type": [
        "stocking fillers",
        "fragrance gifts"
      ],
      "key_features": "cruelty-free",
      "ProductReviewFlag": "1"
    },
    "variants": {
      "colours": [],
      "hasColours": false,
      "hasSizes": false
    },
    "categories": [
      [
        {
          "name": "fragrance",
          "label": "fragrance"
        },
        {
          "name": "gift",
          "label": "gift"
        }
      ],
      [
        {
          "name": "perfume",
          "label": "fragrance > perfume"
        },
        {
          "name": "fragrance gift sets",
          "label": "fragrance > fragrance gift sets"
        },
        {
          "name": "gifts for her",
          "label": "gift > gifts for her"
        },
        {
          "name": "luxury fragrance",
          "label": "fragrance > luxury fragrance"
        },
        {
          "name": "recommended",
          "label": "fragrance > recommended"
        },
        {
          "name": "all baby & kids' clothing",
          "label": "gift > all baby & kids' clothing"
        },
        {
          "name": "luxury gifts",
          "label": "gift > luxury gifts"
        },
        {
          "name": "all gifts",
          "label": "gift > all gifts"
        }
      ],
      [
        {
          "name": "perfume gift sets",
          "label": "fragrance > perfume > perfume gift sets"
        },
        {
          "name": "all perfumes",
          "label": "fragrance > perfume > all perfumes"
        },
        {
          "name": "perfume gift sets",
          "label": "fragrance > fragrance gift sets > perfume gift sets"
        },
        {
          "name": "all perfumes",
          "label": "gift > gifts for her > all perfumes"
        }
      ]
    ],
    "reviews": {
      "average": 5,
      "count": 2,
      "rounded": 5
    },
    "parent": {
      "product": "2852292",
      "partNumber": "10330633.P",
      "model": "10330633",
      "manufacturerModel": "5716551"
    },
    "images": {
      "thumbnail": "https://boots.scene7.com/is/image/Boots/10330633?wid=45&hei=60&op_sharpen=1"
    },
    "offers": [
      {
        "text": "1/2 price on selected fragrance gift sets"
      }
    ],
    "actions": {},
    "iconUri": "https://boots.scene7.com/is/image/Boots/10330633?op_sharpen=1",
    "title": "Ariana Grande Deluxe Cracker With God is a Woman, Thank U, Next & R.E.M. Eau de Parfum 10ml",
    "referenceUri": "/ariana-grande-deluxe-cracker-with-god-is-a-woman-thank-u-next-rem-10330633",
    "canAddToBasket": "yes",
    "opticians": false,
    "inStock": false,
    "expressDelivery": false,
    "hasOtherPromotion": true,
    "channelPromotionalTextMap": {
      "-1": [
        "1/2 price on selected fragrance gift sets"
      ],
      "-6": [
        "1/2 price on selected fragrance gift sets"
      ]
    },
    "adCardPoints": 45
  },
  {
    "_id": {
      "$oid": "65ec108d9884656b92f559d2"
    },
    "ppuQuantity": null,
    "pricing": {
      "perUnit": "",
      "regular": {
        "value": 35,
        "currency": "GBP",
        "text": "£35.00"
      },
      "current": {
        "value": 17.5,
        "currency": "GBP",
        "text": "£17.50"
      },
      "saving": {
        "value": 17.5,
        "currency": "GBP",
        "text": "£17.50"
      }
    },
    "objectId": "2852287",
    "brand": "Ariana Grande",
    "attributes": {
      "fragrance_scent": "fruity",
      "product_type": "perfume",
      "gender": "womens",
      "StockOverrideMessage": "STOCK_COMING_SOON",
      "recipient": [
        "gifts for women",
        "secret santa"
      ],
      "fragrance_type": "eau de parfum",
      "hasPriceAdvantageDeal": false,
      "gift_type": "fragrance gifts",
      "key_features": "cruelty-free",
      "ProductReviewFlag": "1"
    },
    "variants": {
      "colours": [],
      "hasColours": false,
      "hasSizes": false
    },
    "categories": [
      [
        {
          "name": "fragrance",
          "label": "fragrance"
        },
        {
          "name": "gift",
          "label": "gift"
        }
      ],
      [
        {
          "name": "perfume",
          "label": "fragrance > perfume"
        },
        {
          "name": "fragrance gift sets",
          "label": "fragrance > fragrance gift sets"
        },
        {
          "name": "gifts for her",
          "label": "gift > gifts for her"
        },
        {
          "name": "luxury fragrance",
          "label": "fragrance > luxury fragrance"
        },
        {
          "name": "luxury gifts",
          "label": "gift > luxury gifts"
        },
        {
          "name": "all gifts",
          "label": "gift > all gifts"
        }
      ],
      [
        {
          "name": "perfume gift sets",
          "label": "fragrance > perfume > perfume gift sets"
        },
        {
          "name": "all perfumes",
          "label": "fragrance > perfume > all perfumes"
        },
        {
          "name": "perfume gift sets",
          "label": "fragrance > fragrance gift sets > perfume gift sets"
        },
        {
          "name": "all perfumes",
          "label": "gift > gifts for her > all perfumes"
        }
      ]
    ],
    "reviews": {
      "average": 5,
      "count": 2,
      "rounded": 5
    },
    "parent": {
      "product": "2852286",
      "partNumber": "10330630.P",
      "model": "10330630",
      "manufacturerModel": "5716527"
    },
    "images": {
      "thumbnail": "https://boots.scene7.com/is/image/Boots/10330630?wid=45&hei=60&op_sharpen=1"
    },
    "offers": [
      {
        "text": "1/2 price on selected fragrance gift sets"
      }
    ],
    "actions": {},
    "iconUri": "https://boots.scene7.com/is/image/Boots/10330630?op_sharpen=1",
    "title": "Ariana Grande MOD Blush 30ml Gift Set",
    "referenceUri": "/ariana-grande-mod-blush-30ml-gift-set-10330630",
    "canAddToBasket": "yes",
    "opticians": false,
    "inStock": false,
    "expressDelivery": false,
    "hasOtherPromotion": true,
    "channelPromotionalTextMap": {
      "-1": [
        "1/2 price on selected fragrance gift sets"
      ],
      "-6": [
        "1/2 price on selected fragrance gift sets"
      ]
    },
    "adCardPoints": 51
  },
  {
    "_id": {
      "$oid": "65ec108d9884656b92f559d3"
    },
    "ppuQuantity": null,
    "pricing": {
      "perUnit": "",
      "regular": {
        "value": 35,
        "currency": "GBP",
        "text": "£35.00"
      },
      "current": {
        "value": 17.5,
        "currency": "GBP",
        "text": "£17.50"
      },
      "saving": {
        "value": 17.5,
        "currency": "GBP",
        "text": "£17.50"
      }
    },
    "objectId": "2852281",
    "brand": "Ariana Grande",
    "attributes": {
      "fragrance_scent": "musk",
      "product_type": "perfume",
      "gender": "womens",
      "StockOverrideMessage": "STOCK_COMING_SOON",
      "recipient": [
        "gifts for women",
        "secret santa"
      ],
      "fragrance_type": "eau de parfum",
      "hasPriceAdvantageDeal": false,
      "gift_type": [
        "stocking fillers",
        "fragrance gifts"
      ],
      "key_features": "cruelty-free",
      "ProductReviewFlag": "1"
    },
    "variants": {
      "colours": [],
      "hasColours": false,
      "hasSizes": false
    },
    "categories": [
      [
        {
          "name": "fragrance",
          "label": "fragrance"
        },
        {
          "name": "gift",
          "label": "gift"
        }
      ],
      [
        {
          "name": "perfume",
          "label": "fragrance > perfume"
        },
        {
          "name": "fragrance gift sets",
          "label": "fragrance > fragrance gift sets"
        },
        {
          "name": "gifts for her",
          "label": "gift > gifts for her"
        },
        {
          "name": "luxury fragrance",
          "label": "fragrance > luxury fragrance"
        },
        {
          "name": "recommended",
          "label": "fragrance > recommended"
        },
        {
          "name": "all baby & kids' clothing",
          "label": "gift > all baby & kids' clothing"
        },
        {
          "name": "luxury gifts",
          "label": "gift > luxury gifts"
        },
        {
          "name": "all gifts",
          "label": "gift > all gifts"
        }
      ],
      [
        {
          "name": "perfume gift sets",
          "label": "fragrance > perfume > perfume gift sets"
        },
        {
          "name": "all perfumes",
          "label": "fragrance > perfume > all perfumes"
        },
        {
          "name": "perfume gift sets",
          "label": "fragrance > fragrance gift sets > perfume gift sets"
        },
        {
          "name": "all perfumes",
          "label": "gift > gifts for her > all perfumes"
        }
      ]
    ],
    "reviews": {
      "average": 5,
      "count": 2,
      "rounded": 5
    },
    "parent": {
      "product": "2852280",
      "partNumber": "10330628.P",
      "model": "10330628",
      "manufacturerModel": "5716500"
    },
    "images": {
      "thumbnail": "https://boots.scene7.com/is/image/Boots/10330628?wid=45&hei=60&op_sharpen=1"
    },
    "offers": [
      {
        "text": "1/2 price on selected fragrance gift sets"
      }
    ],
    "actions": {},
    "iconUri": "https://boots.scene7.com/is/image/Boots/10330628?op_sharpen=1",
    "title": "Ariana Grande Cloud 30ml Gift Set ",
    "referenceUri": "/ariana-grande-cloud-30ml-gift-set--10330628",
    "canAddToBasket": "yes",
    "opticians": false,
    "inStock": false,
    "expressDelivery": false,
    "hasOtherPromotion": true,
    "channelPromotionalTextMap": {
      "-1": [
        "1/2 price on selected fragrance gift sets"
      ],
      "-6": [
        "1/2 price on selected fragrance gift sets"
      ]
    },
    "adCardPoints": 51
  },
  {
    "_id": {
      "$oid": "65ec108d9884656b92f559d4"
    },
    "ppuQuantity": null,
    "pricing": {
      "perUnit": "",
      "regular": {
        "value": 35,
        "currency": "GBP",
        "text": "£35.00"
      },
      "current": {
        "value": 17.5,
        "currency": "GBP",
        "text": "£17.50"
      },
      "saving": {
        "value": 17.5,
        "currency": "GBP",
        "text": "£17.50"
      }
    },
    "objectId": "2852277",
    "brand": "Ariana Grande",
    "attributes": {
      "fragrance_scent": "fruity",
      "product_type": "perfume",
      "gender": "womens",
      "StockOverrideMessage": "STOCK_COMING_SOON",
      "recipient": [
        "gifts for women",
        "secret santa"
      ],
      "fragrance_type": "eau de parfum",
      "hasPriceAdvantageDeal": false,
      "gift_type": "fragrance gifts",
      "key_features": "cruelty-free",
      "ProductReviewFlag": "1"
    },
    "variants": {
      "colours": [],
      "hasColours": false,
      "hasSizes": false
    },
    "categories": [
      [
        {
          "name": "fragrance",
          "label": "fragrance"
        },
        {
          "name": "gift",
          "label": "gift"
        }
      ],
      [
        {
          "name": "perfume",
          "label": "fragrance > perfume"
        },
        {
          "name": "fragrance gift sets",
          "label": "fragrance > fragrance gift sets"
        },
        {
          "name": "gifts for her",
          "label": "gift > gifts for her"
        },
        {
          "name": "luxury fragrance",
          "label": "fragrance > luxury fragrance"
        },
        {
          "name": "luxury gifts",
          "label": "gift > luxury gifts"
        },
        {
          "name": "all gifts",
          "label": "gift > all gifts"
        }
      ],
      [
        {
          "name": "perfume gift sets",
          "label": "fragrance > perfume > perfume gift sets"
        },
        {
          "name": "all perfumes",
          "label": "fragrance > perfume > all perfumes"
        },
        {
          "name": "perfume gift sets",
          "label": "fragrance > fragrance gift sets > perfume gift sets"
        },
        {
          "name": "all perfumes",
          "label": "gift > gifts for her > all perfumes"
        }
      ]
    ],
    "reviews": {
      "average": 5,
      "count": 1,
      "rounded": 5
    },
    "parent": {
      "product": "2852276",
      "partNumber": "10330625.P",
      "model": "10330625",
      "manufacturerModel": "5716470"
    },
    "images": {
      "thumbnail": "https://boots.scene7.com/is/image/Boots/10330625?wid=45&hei=60&op_sharpen=1"
    },
    "offers": [
      {
        "text": "1/2 price on selected fragrance gift sets"
      }
    ],
    "actions": {},
    "iconUri": "https://boots.scene7.com/is/image/Boots/10330625?op_sharpen=1",
    "title": "Ariana Grande Ari 30ml Gift Set ",
    "referenceUri": "/ariana-grande-ari-30ml-gift-set--10330625",
    "canAddToBasket": "yes",
    "opticians": false,
    "inStock": false,
    "expressDelivery": false,
    "hasOtherPromotion": true,
    "channelPromotionalTextMap": {
      "-1": [
        "1/2 price on selected fragrance gift sets"
      ],
      "-6": [
        "1/2 price on selected fragrance gift sets"
      ]
    },
    "adCardPoints": 51
  },
  {
    "_id": {
      "$oid": "65ec108d9884656b92f559d5"
    },
    "ppuQuantity": null,
    "pricing": {
      "perUnit": "",
      "regular": {
        "value": 92,
        "currency": "GBP",
        "text": "£92.00"
      },
      "current": {
        "value": 46,
        "currency": "GBP",
        "text": "£46.00"
      },
      "saving": {
        "value": 46,
        "currency": "GBP",
        "text": "£46.00"
      }
    },
    "objectId": "2850110",
    "brand": "Narciso Rodriguez",
    "attributes": {
      "fragrance_scent": [
        "floral",
        "musk"
      ],
      "product_type": [
        "body lotion",
        "gift set",
        "perfume",
        "shower gel"
      ],
      "StockOverrideMessage": "STOCK_COMING_SOON",
      "gender": "womens",
      "size": "41-50",
      "fragrance_type": "eau de parfum",
      "recipient": "gifts for women",
      "hasPriceAdvantageDeal": false,
      "gift_type": [
        "fragrance gifts",
        "bath & body gifts",
        "fragrance gift sets",
        "stocking fillers"
      ],
      "skin_type": "all skin types",
      "ProductReviewFlag": "1"
    },
    "variants": {
      "colours": [],
      "hasColours": false,
      "hasSizes": false
    },
    "categories": [
      [
        {
          "name": "fragrance",
          "label": "fragrance"
        },
        {
          "name": "gift",
          "label": "gift"
        }
      ],
      [
        {
          "name": "perfume",
          "label": "fragrance > perfume"
        },
        {
          "name": "fragrance gift sets",
          "label": "fragrance > fragrance gift sets"
        },
        {
          "name": "gifts for her",
          "label": "gift > gifts for her"
        },
        {
          "name": "luxury fragrance",
          "label": "fragrance > luxury fragrance"
        },
        {
          "name": "luxury gifts",
          "label": "gift > luxury gifts"
        },
        {
          "name": "all gifts",
          "label": "gift > all gifts"
        }
      ],
      [
        {
          "name": "perfume gift sets",
          "label": "fragrance > perfume > perfume gift sets"
        },
        {
          "name": "all perfumes",
          "label": "fragrance > perfume > all perfumes"
        },
        {
          "name": "perfume gift sets",
          "label": "fragrance > fragrance gift sets > perfume gift sets"
        },
        {
          "name": "all perfumes",
          "label": "gift > gifts for her > all perfumes"
        }
      ]
    ],
    "reviews": {
      "average": 5,
      "count": 2,
      "rounded": 5
    },
    "parent": {
      "product": "2850109",
      "partNumber": "10330235.P",
      "model": "10330235",
      "manufacturerModel": "5710448"
    },
    "images": {
      "thumbnail": "https://boots.scene7.com/is/image/Boots/10330235?wid=45&hei=60&op_sharpen=1"
    },
    "offers": [
      {
        "text": "1/2 price on selected fragrance gift sets"
      }
    ],
    "actions": {},
    "iconUri": "https://boots.scene7.com/is/image/Boots/10330235?op_sharpen=1",
    "title": "Narciso Rodriguez all of me Eau de Parfum Christmas 50ml Set",
    "referenceUri": "/narciso-rodriguez-all-of-me-eau-de-parfum-christmas-50ml-set-10330235",
    "canAddToBasket": "yes",
    "opticians": false,
    "inStock": false,
    "expressDelivery": false,
    "hasOtherPromotion": true,
    "channelPromotionalTextMap": {
      "-1": [
        "1/2 price on selected fragrance gift sets"
      ],
      "-6": [
        "1/2 price on selected fragrance gift sets"
      ]
    },
    "adCardPoints": 138
  },
  {
    "_id": {
      "$oid": "65ec108d9884656b92f559d6"
    },
    "ppuQuantity": null,
    "pricing": {
      "perUnit": "",
      "regular": {
        "value": 87,
        "currency": "GBP",
        "text": "£87.00"
      },
      "current": {
        "value": 43.5,
        "currency": "GBP",
        "text": "£43.50"
      },
      "saving": {
        "value": 43.5,
        "currency": "GBP",
        "text": "£43.50"
      }
    },
    "objectId": "2850108",
    "brand": "Narciso Rodriguez",
    "attributes": {
      "fragrance_scent": [
        "floral",
        "musk",
        "amber"
      ],
      "StockOverrideMessage": "STOCK_COMING_SOON",
      "gender": "womens",
      "fragrance_type": "eau de parfum",
      "gift_type": [
        "bath & body gifts",
        "fragrance gifts"
      ],
      "skin_type": "all skin types",
      "product_type": [
        "shower gel",
        "gift set",
        "perfume",
        "body lotion"
      ],
      "size": "41-50",
      "recipient": "gifts for women",
      "hasPriceAdvantageDeal": false,
      "key_features": [
        "hydrating",
        "cleansing"
      ],
      "ProductReviewFlag": "1"
    },
    "variants": {
      "colours": [],
      "hasColours": false,
      "hasSizes": false
    },
    "categories": [
      [
        {
          "name": "fragrance",
          "label": "fragrance"
        },
        {
          "name": "gift",
          "label": "gift"
        }
      ],
      [
        {
          "name": "perfume",
          "label": "fragrance > perfume"
        },
        {
          "name": "fragrance gift sets",
          "label": "fragrance > fragrance gift sets"
        },
        {
          "name": "gifts for her",
          "label": "gift > gifts for her"
        },
        {
          "name": "luxury fragrance",
          "label": "fragrance > luxury fragrance"
        },
        {
          "name": "luxury gifts",
          "label": "gift > luxury gifts"
        },
        {
          "name": "all gifts",
          "label": "gift > all gifts"
        }
      ],
      [
        {
          "name": "perfume gift sets",
          "label": "fragrance > perfume > perfume gift sets"
        },
        {
          "name": "all perfumes",
          "label": "fragrance > perfume > all perfumes"
        },
        {
          "name": "perfume gift sets",
          "label": "fragrance > fragrance gift sets > perfume gift sets"
        },
        {
          "name": "all perfumes",
          "label": "gift > gifts for her > all perfumes"
        }
      ]
    ],
    "reviews": {
      "average": 5,
      "count": 4,
      "rounded": 5
    },
    "parent": {
      "product": "2850107",
      "partNumber": "10330234.P",
      "model": "10330234",
      "manufacturerModel": "5710219"
    },
    "images": {
      "thumbnail": "https://boots.scene7.com/is/image/Boots/10330234?wid=45&hei=60&op_sharpen=1"
    },
    "offers": [
      {
        "text": "1/2 price on selected fragrance gift sets"
      }
    ],
    "actions": {},
    "iconUri": "https://boots.scene7.com/is/image/Boots/10330234?op_sharpen=1",
    "title": "Narciso Rodriguez for her Eau de Parfum 50ml Set",
    "referenceUri": "/narciso-rodriguez-for-her-eau-de-parfum-50ml-set-10330234",
    "canAddToBasket": "yes",
    "opticians": false,
    "inStock": false,
    "expressDelivery": false,
    "hasOtherPromotion": true,
    "channelPromotionalTextMap": {
      "-1": [
        "1/2 price on selected fragrance gift sets"
      ],
      "-6": [
        "1/2 price on selected fragrance gift sets"
      ]
    },
    "adCardPoints": 129
  },
  {
    "_id": {
      "$oid": "65ec108d9884656b92f559d7"
    },
    "ppuQuantity": "30ML",
    "pricing": {
      "perUnit": "£173.33 per 100ML",
      "regular": {
        "value": 52,
        "currency": "GBP",
        "text": "£52.00"
      },
      "current": {
        "value": 52,
        "currency": "GBP",
        "text": "£52.00"
      }
    },
    "objectId": "2803605",
    "brand": "Elie Saab",
    "attributes": {
      "fragrance_scent": [
        "amber",
        "floral"
      ],
      "size": "21-30",
      "gender": "womens",
      "StockOverrideMessage": "STOCK_COMING_SOON",
      "fragrance_type": "eau de parfum",
      "hasPriceAdvantageDeal": false,
      "ProductReviewFlag": "1"
    },
    "variants": {
      "colours": [],
      "hasColours": false,
      "hasSizes": false
    },
    "categories": [
      [
        {
          "name": "fragrance",
          "label": "fragrance"
        },
        {
          "name": "gift",
          "label": "gift"
        }
      ],
      [
        {
          "name": "elixir fragrances",
          "label": "fragrance > elixir fragrances"
        },
        {
          "name": "perfume",
          "label": "fragrance > perfume"
        },
        {
          "name": "gifts for her",
          "label": "gift > gifts for her"
        },
        {
          "name": "brands",
          "label": "fragrance > brands"
        },
        {
          "name": "5* rated perfumes & aftershaves",
          "label": "fragrance > 5* rated perfumes & aftershaves"
        }
      ],
      [
        {
          "name": "all perfumes",
          "label": "fragrance > perfume > all perfumes"
        },
        {
          "name": "floral perfume",
          "label": "fragrance > perfume > floral perfume"
        },
        {
          "name": "amber perfume",
          "label": "fragrance > perfume > amber perfume"
        },
        {
          "name": "all perfumes",
          "label": "gift > gifts for her > all perfumes"
        }
      ]
    ],
    "reviews": {
      "average": 5,
      "count": 1,
      "rounded": 5
    },
    "parent": {
      "product": "2803604",
      "partNumber": "10325368.P",
      "model": "10325368",
      "manufacturerModel": "5401909"
    },
    "images": {
      "thumbnail": "https://boots.scene7.com/is/image/Boots/10325368?wid=45&hei=60&op_sharpen=1"
    },
    "offers": [],
    "actions": {},
    "iconUri": "https://boots.scene7.com/is/image/Boots/10325368?op_sharpen=1",
    "title": "Elie Saab Elixir Eau de Parfum 30ml",
    "referenceUri": "/elie-saab-elixir-eau-de-parfum-30ml-10325368",
    "canAddToBasket": "yes",
    "opticians": false,
    "inStock": false,
    "expressDelivery": false,
    "hasOtherPromotion": false,
    "channelPromotionalTextMap": {
      "-1": [],
      "-6": []
    },
    "adCardPoints": 156
  },
  {
    "_id": {
      "$oid": "65ec108d9884656b92f559d8"
    },
    "ppuQuantity": "50ML",
    "pricing": {
      "perUnit": "£170.00 per 100ML",
      "regular": {
        "value": 100,
        "currency": "GBP",
        "text": "£100.00"
      },
      "current": {
        "value": 85,
        "currency": "GBP",
        "text": "£85.00"
      },
      "saving": {
        "value": 15,
        "currency": "GBP",
        "text": "£15.00"
      }
    },
    "objectId": "2611029",
    "brand": "Hermes",
    "attributes": {
      "fragrance_scent": "woody",
      "fragrance_type": "eau de parfum",
      "hasPriceAdvantageDeal": false,
      "StockOverrideMessage": "STOCK_COMING_SOON",
      "ProductReviewFlag": "1"
    },
    "variants": {
      "colours": [],
      "hasColours": false,
      "hasSizes": false
    },
    "categories": [
      [
        {
          "name": "fragrance",
          "label": "fragrance"
        },
        {
          "name": "gift",
          "label": "gift"
        }
      ],
      [
        {
          "name": "elixir fragrances",
          "label": "fragrance > elixir fragrances"
        },
        {
          "name": "perfume",
          "label": "fragrance > perfume"
        },
        {
          "name": "gifts for her",
          "label": "gift > gifts for her"
        },
        {
          "name": "luxury fragrance",
          "label": "fragrance > luxury fragrance"
        }
      ],
      [
        {
          "name": "all perfumes",
          "label": "fragrance > perfume > all perfumes"
        },
        {
          "name": "all perfumes",
          "label": "gift > gifts for her > all perfumes"
        }
      ]
    ],
    "reviews": {
      "average": 5,
      "count": 1,
      "rounded": 5
    },
    "parent": {
      "product": "2611028",
      "partNumber": "10302886.P",
      "model": "10302886",
      "manufacturerModel": "7904843"
    },
    "images": {
      "thumbnail": "https://boots.scene7.com/is/image/Boots/10302886?wid=45&hei=60&op_sharpen=1"
    },
    "offers": [
      {
        "text": "Free gift when you buy selected Hermes fragrance - online only, whilst stocks last"
      },
      {
        "text": "Save up to 20 percent on selected fragrances"
      }
    ],
    "actions": {},
    "iconUri": "https://boots.scene7.com/is/image/Boots/10302886?op_sharpen=1",
    "title": "Hermes Elixir des Merveilles Eau de Parfum 50ml",
    "referenceUri": "/hermes-elixir-des-merveilles-eau-de-parfum-50ml-10302886",
    "canAddToBasket": "yes",
    "opticians": false,
    "inStock": false,
    "expressDelivery": false,
    "hasOtherPromotion": true,
    "channelPromotionalTextMap": {
      "-1": [
        "Free gift when you buy selected Hermes fragrance - online only, whilst stocks last",
        "Save up to 20 percent on selected fragrances"
      ],
      "-6": [
        "Free gift when you buy selected Hermes fragrance - online only, whilst stocks last",
        "Save up to 20 percent on selected fragrances"
      ]
    },
    "adCardPoints": 255
  },
  {
    "_id": {
      "$oid": "65ec108d9884656b92f559d9"
    },
    "ppuQuantity": "30ML",
    "pricing": {
      "perUnit": "£210.00 per 100ML",
      "regular": {
        "value": 63,
        "currency": "GBP",
        "text": "£63.00"
      },
      "current": {
        "value": 63,
        "currency": "GBP",
        "text": "£63.00"
      }
    },
    "objectId": "2568025",
    "brand": "Valentino",
    "attributes": {
      "fragrance_scent": [
        "woody",
        "floral"
      ],
      "size": "21-30",
      "StockOverrideMessage": "STOCK_COMING_SOON",
      "fragrance_type": "eau de parfum",
      "hasPriceAdvantageDeal": false,
      "Reporting_Category": "fragrance",
      "ProductReviewFlag": "1"
    },
    "variants": {
      "colours": [],
      "hasColours": false,
      "hasSizes": false
    },
    "categories": [
      [
        {
          "name": "gift",
          "label": "gift"
        },
        {
          "name": "fragrance",
          "label": "fragrance"
        }
      ],
      [
        {
          "name": "Eid gifts",
          "label": "gift > Eid gifts"
        },
        {
          "name": "perfume",
          "label": "fragrance > perfume"
        },
        {
          "name": "gifts for her",
          "label": "gift > gifts for her"
        },
        {
          "name": "5* rated perfumes & aftershaves",
          "label": "fragrance > 5* rated perfumes & aftershaves"
        }
      ],
      [
        {
          "name": "all perfumes",
          "label": "fragrance > perfume > all perfumes"
        },
        {
          "name": "floral perfume",
          "label": "fragrance > perfume > floral perfume"
        },
        {
          "name": "all perfumes",
          "label": "gift > gifts for her > all perfumes"
        }
      ]
    ],
    "reviews": {
      "average": 4.93,
      "count": 67,
      "rounded": 4
    },
    "parent": {
      "product": "2568024",
      "partNumber": "10298793.P",
      "model": "10298793",
      "manufacturerModel": "4831365"
    },
    "images": {
      "thumbnail": "https://boots.scene7.com/is/image/Boots/10298793?wid=45&hei=60&op_sharpen=1"
    },
    "offers": [],
    "actions": {},
    "iconUri": "https://boots.scene7.com/is/image/Boots/10298793?op_sharpen=1",
    "title": "Valentino Voce Viva Intensa Eau De Parfum 30ml",
    "referenceUri": "/valentino-voce-viva-intensa-eau-de-parfum-30ml-10298793",
    "canAddToBasket": "yes",
    "opticians": false,
    "inStock": false,
    "expressDelivery": false,
    "hasOtherPromotion": false,
    "channelPromotionalTextMap": {
      "-1": [],
      "-6": []
    },
    "adCardPoints": 189
  },
  {
    "_id": {
      "$oid": "65ec108d9884656b92f559da"
    },
    "ppuQuantity": null,
    "pricing": {
      "perUnit": "",
      "regular": {
        "value": 68,
        "currency": "GBP",
        "text": "£68.00"
      },
      "current": {
        "value": 68,
        "currency": "GBP",
        "text": "£68.00"
      }
    },
    "objectId": "2853163",
    "brand": "Ghost",
    "attributes": {
      "fragrance_scent": "floral",
      "product_type": "gift set",
      "StockOverrideMessage": "STOCK_COMING_SOON",
      "fragrance_type": "eau de toilette",
      "recipient": [
        "gifts for teens",
        "gifts for women"
      ],
      "hasPriceAdvantageDeal": false,
      "gift_type": [
        "fragrance gift sets",
        "fragrance gifts"
      ],
      "ProductReviewFlag": "1"
    },
    "variants": {
      "colours": [],
      "hasColours": false,
      "hasSizes": false
    },
    "categories": [
      [
        {
          "name": "new in",
          "label": "new in"
        },
        {
          "name": "beauty & skincare",
          "label": "beauty & skincare"
        },
        {
          "name": "fragrance",
          "label": "fragrance"
        },
        {
          "name": "gift",
          "label": "gift"
        }
      ],
      [
        {
          "name": "new in fragrance",
          "label": "new in > new in fragrance"
        },
        {
          "name": "premium beauty & skincare",
          "label": "beauty & skincare > premium beauty & skincare"
        },
        {
          "name": "perfume",
          "label": "fragrance > perfume"
        },
        {
          "name": "fragrance gift sets",
          "label": "fragrance > fragrance gift sets"
        },
        {
          "name": "gifts for her",
          "label": "gift > gifts for her"
        },
        {
          "name": "new in fragrance",
          "label": "fragrance > new in fragrance"
        },
        {
          "name": "luxury gifts",
          "label": "gift > luxury gifts"
        },
        {
          "name": "all gifts",
          "label": "gift > all gifts"
        }
      ],
      [
        {
          "name": "premium beauty gifts",
          "label": "beauty & skincare > premium beauty & skincare > premium beauty gifts"
        },
        {
          "name": "perfume gift sets",
          "label": "fragrance > perfume > perfume gift sets"
        },
        {
          "name": "all perfumes",
          "label": "fragrance > perfume > all perfumes"
        },
        {
          "name": "floral perfume",
          "label": "fragrance > perfume > floral perfume"
        },
        {
          "name": "perfume gift sets",
          "label": "fragrance > fragrance gift sets > perfume gift sets"
        },
        {
          "name": "premium beauty gifts",
          "label": "gift > gifts for her > premium beauty gifts"
        },
        {
          "name": "all perfumes",
          "label": "gift > gifts for her > all perfumes"
        }
      ]
    ],
    "reviews": {
      "average": 4.89,
      "count": 19,
      "rounded": 4
    },
    "parent": {
      "product": "2853162",
      "partNumber": "10330719.P",
      "model": "10330719",
      "manufacturerModel": "5719135"
    },
    "images": {
      "thumbnail": "https://boots.scene7.com/is/image/Boots/10330719?wid=45&hei=60&op_sharpen=1"
    },
    "offers": [],
    "actions": {},
    "iconUri": "https://boots.scene7.com/is/image/Boots/10330719?op_sharpen=1",
    "title": "Ghost 'Relax Into The Night' Pamper Gift Set",
    "referenceUri": "/ghost-relax-into-the-night-pamper-gift-set-10330719",
    "canAddToBasket": "yes",
    "opticians": false,
    "inStock": false,
    "expressDelivery": false,
    "hasOtherPromotion": false,
    "channelPromotionalTextMap": {
      "-1": [],
      "-6": []
    },
    "adCardPoints": 204
  },
  {
    "_id": {
      "$oid": "65ec108d9884656b92f559db"
    },
    "ppuQuantity": "15G",
    "pricing": {
      "perUnit": "£323.00 per 100G",
      "regular": {
        "value": 57,
        "currency": "GBP",
        "text": "£57.00"
      },
      "current": {
        "value": 48.45,
        "currency": "GBP",
        "text": "£48.45"
      },
      "saving": {
        "value": 8.55,
        "currency": "GBP",
        "text": "£8.55"
      }
    },
    "objectId": "2747135",
    "brand": "Christian Dior",
    "attributes": {
      "hasPriceAdvantageDeal": false,
      "product_type": "bath bombs",
      "StockOverrideMessage": "STOCK_COMING_SOON",
      "ProductReviewFlag": "1"
    },
    "variants": {
      "colours": [],
      "hasColours": false,
      "hasSizes": false
    },
    "categories": [
      [
        {
          "name": "new in",
          "label": "new in"
        },
        {
          "name": "beauty & skincare",
          "label": "beauty & skincare"
        },
        {
          "name": "fragrance",
          "label": "fragrance"
        },
        {
          "name": "toiletries",
          "label": "toiletries"
        },
        {
          "name": "gift",
          "label": "gift"
        }
      ],
      [
        {
          "name": "new in premium beauty & skincare",
          "label": "new in > new in premium beauty & skincare"
        },
        {
          "name": "premium beauty & skincare",
          "label": "beauty & skincare > premium beauty & skincare"
        },
        {
          "name": "perfume",
          "label": "fragrance > perfume"
        },
        {
          "name": "bathroom essentials",
          "label": "toiletries > bathroom essentials"
        },
        {
          "name": "luxury bath & body",
          "label": "toiletries > luxury bath & body"
        },
        {
          "name": "gifts for her",
          "label": "gift > gifts for her"
        },
        {
          "name": "gift by occasion",
          "label": "gift > gift by occasion"
        },
        {
          "name": "gift by recipient",
          "label": "gift > gift by recipient"
        },
        {
          "name": "new in beauty & skincare",
          "label": "beauty & skincare > new in beauty & skincare"
        },
        {
          "name": "5* rated perfumes & aftershaves",
          "label": "fragrance > 5* rated perfumes & aftershaves"
        },
        {
          "name": "luxury gifts",
          "label": "gift > luxury gifts"
        },
        {
          "name": "new in beauty & skincare",
          "label": "new in > new in beauty & skincare"
        },
        {
          "name": "new in luxury bath & body",
          "label": "new in > new in luxury bath & body"
        }
      ],
      [
        {
          "name": "save up to 25% across selected premium beauty and No7",
          "label": "beauty & skincare > premium beauty & skincare > save up to 25% across selected premium beauty and No7"
        },
        {
          "name": "new in premium beauty & skincare",
          "label": "beauty & skincare > premium beauty & skincare > new in premium beauty & skincare"
        },
        {
          "name": "all perfumes",
          "label": "fragrance > perfume > all perfumes"
        },
        {
          "name": "floral perfume",
          "label": "fragrance > perfume > floral perfume"
        },
        {
          "name": "bath bombs & fizzers",
          "label": "toiletries > bathroom essentials > bath bombs & fizzers"
        },
        {
          "name": "all luxury bath & body",
          "label": "toiletries > luxury bath & body > all luxury bath & body"
        },
        {
          "name": "new in luxury bath & body",
          "label": "toiletries > luxury bath & body > new in luxury bath & body"
        },
        {
          "name": "all luxury bath & body",
          "label": "gift > gifts for her > all luxury bath & body"
        },
        {
          "name": "all perfumes",
          "label": "gift > gifts for her > all perfumes"
        },
        {
          "name": "thank you gifts",
          "label": "gift > gift by occasion > thank you gifts"
        },
        {
          "name": "gifts for friends",
          "label": "gift > gift by recipient > gifts for friends"
        }
      ]
    ],
    "reviews": {
      "average": 4.89,
      "count": 18,
      "rounded": 4
    },
    "parent": {
      "product": "2747134",
      "partNumber": "10320417.P",
      "model": "10320417",
      "manufacturerModel": "4969421"
    },
    "images": {
      "thumbnail": "https://boots.scene7.com/is/image/Boots/10320417?wid=45&hei=60&op_sharpen=1"
    },
    "offers": [
      {
        "text": "Save up to 25 percent across selected Premium Beauty"
      }
    ],
    "actions": {},
    "iconUri": "https://boots.scene7.com/is/image/Boots/10320417?op_sharpen=1",
    "title": "DIOR Miss Dior Millefiori Couture Edition Macaroon Bath Bombs 15g",
    "referenceUri": "/dior-miss-dior-millefiori-couture-edition-macaroon-bath-bombs-15g-10320417",
    "canAddToBasket": "yes",
    "opticians": false,
    "inStock": false,
    "expressDelivery": false,
    "hasOtherPromotion": true,
    "channelPromotionalTextMap": {
      "-1": [
        "Save up to 25 percent across selected Premium Beauty"
      ],
      "-6": [
        "Save up to 25 percent across selected Premium Beauty"
      ]
    },
    "adCardPoints": 144
  },
  {
    "_id": {
      "$oid": "65ec108d9884656b92f559dc"
    },
    "ppuQuantity": null,
    "pricing": {
      "perUnit": "",
      "regular": {
        "value": 96,
        "currency": "GBP",
        "text": "£96.00"
      },
      "current": {
        "value": 48,
        "currency": "GBP",
        "text": "£48.00"
      },
      "saving": {
        "value": 48,
        "currency": "GBP",
        "text": "£48.00"
      }
    },
    "objectId": "2901605",
    "brand": "Mugler",
    "attributes": {
      "fragrance_scent": "woody",
      "product_type": [
        "perfume",
        "gift set",
        "body lotion"
      ],
      "StockOverrideMessage": "STOCK_COMING_SOON",
      "gender": "womens",
      "recipient": [
        "gifts for women",
        "secret santa"
      ],
      "fragrance_type": "eau de parfum",
      "hasPriceAdvantageDeal": false,
      "gift_type": [
        "fragrance gifts",
        "stocking fillers",
        "premium beauty gifts",
        "pamper gifts",
        "bath & body gifts"
      ],
      "key_features": [
        "moisturising",
        "refreshing",
        "energising"
      ],
      "ProductReviewFlag": "1"
    },
    "variants": {
      "colours": [],
      "hasColours": false,
      "hasSizes": false
    },
    "categories": [
      [
        {
          "name": "fragrance",
          "label": "fragrance"
        },
        {
          "name": "gift",
          "label": "gift"
        }
      ],
      [
        {
          "name": "perfume",
          "label": "fragrance > perfume"
        },
        {
          "name": "fragrance gift sets",
          "label": "fragrance > fragrance gift sets"
        },
        {
          "name": "gifts for her",
          "label": "gift > gifts for her"
        },
        {
          "name": "luxury fragrance",
          "label": "fragrance > luxury fragrance"
        },
        {
          "name": "luxury gifts",
          "label": "gift > luxury gifts"
        },
        {
          "name": "all gifts",
          "label": "gift > all gifts"
        }
      ],
      [
        {
          "name": "perfume gift sets",
          "label": "fragrance > perfume > perfume gift sets"
        },
        {
          "name": "all perfumes",
          "label": "fragrance > perfume > all perfumes"
        },
        {
          "name": "perfume gift sets",
          "label": "fragrance > fragrance gift sets > perfume gift sets"
        },
        {
          "name": "all perfumes",
          "label": "gift > gifts for her > all perfumes"
        }
      ]
    ],
    "reviews": {
      "average": 4.86,
      "count": 69,
      "rounded": 4
    },
    "parent": {
      "product": "2901604",
      "partNumber": "10336635.P",
      "model": "10336635",
      "manufacturerModel": "5716705"
    },
    "images": {
      "thumbnail": "https://boots.scene7.com/is/image/Boots/10336635?wid=45&hei=60&op_sharpen=1"
    },
    "offers": [
      {
        "text": "1/2 price on selected fragrance gift sets"
      }
    ],
    "actions": {},
    "iconUri": "https://boots.scene7.com/is/image/Boots/10336635?op_sharpen=1",
    "title": "Mugler Alien Eau de Parfum set",
    "referenceUri": "/mugler-alien-eau-de-parfum-10336635",
    "canAddToBasket": "yes",
    "opticians": false,
    "inStock": false,
    "expressDelivery": false,
    "hasOtherPromotion": true,
    "channelPromotionalTextMap": {
      "-1": [
        "1/2 price on selected fragrance gift sets"
      ],
      "-6": [
        "1/2 price on selected fragrance gift sets"
      ]
    },
    "adCardPoints": 144
  },
  {
    "_id": {
      "$oid": "65ec108d9884656b92f559dd"
    },
    "ppuQuantity": null,
    "pricing": {
      "perUnit": "",
      "regular": {
        "value": 86,
        "currency": "GBP",
        "text": "£86.00"
      },
      "current": {
        "value": 43,
        "currency": "GBP",
        "text": "£43.00"
      },
      "saving": {
        "value": 43,
        "currency": "GBP",
        "text": "£43.00"
      }
    },
    "objectId": "2857115",
    "brand": "Carolina Herrera",
    "attributes": {
      "fragrance_scent": "floral",
      "product_type": "gift set",
      "gender": "womens",
      "StockOverrideMessage": "STOCK_COMING_SOON",
      "recipient": "gifts for women",
      "fragrance_type": "eau de parfum",
      "hasPriceAdvantageDeal": false,
      "gift_type": "fragrance gifts",
      "ProductReviewFlag": "1"
    },
    "variants": {
      "colours": [],
      "hasColours": false,
      "hasSizes": false
    },
    "categories": [
      [
        {
          "name": "fragrance",
          "label": "fragrance"
        },
        {
          "name": "gift",
          "label": "gift"
        }
      ],
      [
        {
          "name": "perfume",
          "label": "fragrance > perfume"
        },
        {
          "name": "fragrance gift sets",
          "label": "fragrance > fragrance gift sets"
        },
        {
          "name": "gifts for her",
          "label": "gift > gifts for her"
        },
        {
          "name": "luxury fragrance",
          "label": "fragrance > luxury fragrance"
        },
        {
          "name": "recommended",
          "label": "fragrance > recommended"
        },
        {
          "name": "all baby & kids' clothing",
          "label": "gift > all baby & kids' clothing"
        },
        {
          "name": "luxury gifts",
          "label": "gift > luxury gifts"
        },
        {
          "name": "all gifts",
          "label": "gift > all gifts"
        }
      ],
      [
        {
          "name": "perfume gift sets",
          "label": "fragrance > perfume > perfume gift sets"
        },
        {
          "name": "all perfumes",
          "label": "fragrance > perfume > all perfumes"
        },
        {
          "name": "perfume gift sets",
          "label": "fragrance > fragrance gift sets > perfume gift sets"
        },
        {
          "name": "all perfumes",
          "label": "gift > gifts for her > all perfumes"
        }
      ]
    ],
    "reviews": {
      "average": 4.82,
      "count": 2473,
      "rounded": 4
    },
    "parent": {
      "product": "2857114",
      "partNumber": "10331189.P",
      "model": "10331189",
      "manufacturerModel": "5728037"
    },
    "images": {
      "thumbnail": "https://boots.scene7.com/is/image/Boots/10331189?wid=45&hei=60&op_sharpen=1"
    },
    "offers": [
      {
        "text": "1/2 price on selected fragrance gift sets"
      }
    ],
    "actions": {},
    "iconUri": "https://boots.scene7.com/is/image/Boots/10331189?op_sharpen=1",
    "title": "Carolina Herrera Good Girl EDP 50ml Body Lotion 100ml Travel Spray 10ml Gift Set",
    "referenceUri": "/carolina-herrera-good-girl-eau-de-parfum-50ml-gift-set-10331189",
    "canAddToBasket": "yes",
    "opticians": false,
    "inStock": false,
    "expressDelivery": false,
    "hasOtherPromotion": true,
    "channelPromotionalTextMap": {
      "-1": [
        "1/2 price on selected fragrance gift sets"
      ],
      "-6": [
        "1/2 price on selected fragrance gift sets"
      ]
    },
    "adCardPoints": 129
  },
  {
    "_id": {
      "$oid": "65ec108d9884656b92f559de"
    },
    "ppuQuantity": null,
    "pricing": {
      "perUnit": "",
      "regular": {
        "value": 133,
        "currency": "GBP",
        "text": "£133.00"
      },
      "current": {
        "value": 66.5,
        "currency": "GBP",
        "text": "£66.50"
      },
      "saving": {
        "value": 66.5,
        "currency": "GBP",
        "text": "£66.50"
      }
    },
    "objectId": "2892091",
    "brand": "Christian Dior",
    "attributes": {
      "fragrance_scent": "floral",
      "product_type": "gift set",
      "StockOverrideMessage": "STOCK_COMING_SOON",
      "gender": "womens",
      "fragrance_type": "eau de toilette",
      "recipient": "gifts for women",
      "hasPriceAdvantageDeal": false,
      "gift_type": "fragrance gifts",
      "ProductReviewFlag": "1"
    },
    "variants": {
      "colours": [],
      "hasColours": false,
      "hasSizes": false
    },
    "categories": [
      [
        {
          "name": "fragrance",
          "label": "fragrance"
        },
        {
          "name": "beauty & skincare",
          "label": "beauty & skincare"
        },
        {
          "name": "gift",
          "label": "gift"
        }
      ],
      [
        {
          "name": "premium beauty & skincare",
          "label": "beauty & skincare > premium beauty & skincare"
        },
        {
          "name": "perfume",
          "label": "fragrance > perfume"
        },
        {
          "name": "fragrance gift sets",
          "label": "fragrance > fragrance gift sets"
        },
        {
          "name": "gifts for her",
          "label": "gift > gifts for her"
        },
        {
          "name": "luxury fragrance",
          "label": "fragrance > luxury fragrance"
        },
        {
          "name": "recommended",
          "label": "fragrance > recommended"
        },
        {
          "name": "all baby & kids' clothing",
          "label": "gift > all baby & kids' clothing"
        },
        {
          "name": "luxury gifts",
          "label": "gift > luxury gifts"
        },
        {
          "name": "all gifts",
          "label": "gift > all gifts"
        }
      ],
      [
        {
          "name": "premium beauty gifts",
          "label": "beauty & skincare > premium beauty & skincare > premium beauty gifts"
        },
        {
          "name": "perfume gift sets",
          "label": "fragrance > perfume > perfume gift sets"
        },
        {
          "name": "all perfumes",
          "label": "fragrance > perfume > all perfumes"
        },
        {
          "name": "perfume gift sets",
          "label": "fragrance > fragrance gift sets > perfume gift sets"
        },
        {
          "name": "premium beauty gifts",
          "label": "gift > gifts for her > premium beauty gifts"
        },
        {
          "name": "all perfumes",
          "label": "gift > gifts for her > all perfumes"
        }
      ]
    ],
    "reviews": {
      "average": 4.8,
      "count": 30,
      "rounded": 4
    },
    "parent": {
      "product": "2892090",
      "partNumber": "10335248.P",
      "model": "10335248",
      "manufacturerModel": "5740193"
    },
    "images": {
      "thumbnail": "https://boots.scene7.com/is/image/Boots/10335248?wid=45&hei=60&op_sharpen=1"
    },
    "offers": [
      {
        "text": "1/2 price on selected fragrance gift sets"
      }
    ],
    "actions": {},
    "iconUri": "https://boots.scene7.com/is/image/Boots/10335248?op_sharpen=1",
    "title": "Miss Dior Blooming Bouquet - The Perfuming Ritual - Limited Edition",
    "referenceUri": "/dior-miss-dior-blooming-bouquet---the-perfuming-ritual---limited-edition-10335248",
    "canAddToBasket": "yes",
    "opticians": false,
    "inStock": false,
    "expressDelivery": false,
    "hasOtherPromotion": true,
    "channelPromotionalTextMap": {
      "-1": [
        "1/2 price on selected fragrance gift sets"
      ],
      "-6": [
        "1/2 price on selected fragrance gift sets"
      ]
    },
    "adCardPoints": 198
  },
  {
    "_id": {
      "$oid": "65ec108d9884656b92f559df"
    },
    "ppuQuantity": "225ML",
    "pricing": {
      "perUnit": "£8.00 per 100ML",
      "regular": {
        "value": 24,
        "currency": "GBP",
        "text": "£24.00"
      },
      "current": {
        "value": 18,
        "currency": "GBP",
        "text": "£18.00"
      },
      "saving": {
        "value": 6,
        "currency": "GBP",
        "text": "£6.00"
      }
    },
    "objectId": "2708689",
    "brand": "Elizabeth Arden",
    "attributes": {
      "fragrance_scent": "floral",
      "StockOverrideMessage": "STOCK_COMING_SOON",
      "size": "201-499",
      "gender": "womens",
      "fragrance_type": "eau de parfum",
      "hasPriceAdvantageDeal": false,
      "ProductReviewFlag": "1"
    },
    "variants": {
      "colours": [],
      "hasColours": false,
      "hasSizes": false
    },
    "categories": [
      [
        {
          "name": "new in",
          "label": "new in"
        },
        {
          "name": "fragrance",
          "label": "fragrance"
        },
        {
          "name": "gift",
          "label": "gift"
        }
      ],
      [
        {
          "name": "perfume",
          "label": "fragrance > perfume"
        },
        {
          "name": "gifts for her",
          "label": "gift > gifts for her"
        },
        {
          "name": "brands",
          "label": "fragrance > brands"
        },
        {
          "name": "5* rated perfumes & aftershaves",
          "label": "fragrance > 5* rated perfumes & aftershaves"
        }
      ],
      [
        {
          "name": "all perfumes",
          "label": "fragrance > perfume > all perfumes"
        },
        {
          "name": "all perfumes",
          "label": "gift > gifts for her > all perfumes"
        }
      ]
    ],
    "reviews": {
      "average": 4.78,
      "count": 49,
      "rounded": 4
    },
    "parent": {
      "product": "2708688",
      "partNumber": "10316118.P",
      "model": "10316118",
      "manufacturerModel": "3703843"
    },
    "images": {
      "thumbnail": "https://boots.scene7.com/is/image/Boots/10316118?wid=45&hei=60&op_sharpen=1"
    },
    "offers": [
      {
        "text": "Spend £45 on selected Elizabeth Arden and receive Elizabeth Arden Icons Set for £75, worth £281"
      },
      {
        "text": "Save up to 25 percent across selected Premium Beauty"
      }
    ],
    "actions": {},
    "iconUri": "https://boots.scene7.com/is/image/Boots/10316118?op_sharpen=1",
    "title": "Elizabeth Arden White Tea Body Water Cream 225ml",
    "referenceUri": "/elizabeth-arden-white-tea-body-water-cream-225ml-10316118",
    "canAddToBasket": "yes",
    "opticians": false,
    "inStock": false,
    "expressDelivery": false,
    "hasOtherPromotion": true,
    "channelPromotionalTextMap": {
      "-1": [
        "Spend £45 on selected Elizabeth Arden and receive Elizabeth Arden Icons Set for £75, worth £281",
        "Save up to 25 percent across selected Premium Beauty"
      ],
      "-6": [
        "Spend £45 on selected Elizabeth Arden and receive Elizabeth Arden Icons Set for £75, worth £281",
        "Save up to 25 percent across selected Premium Beauty"
      ]
    },
    "adCardPoints": 54
  },
  {
    "_id": {
      "$oid": "65ec108d9884656b92f559e0"
    },
    "ppuQuantity": null,
    "pricing": {
      "perUnit": "",
      "regular": {
        "value": 94,
        "currency": "GBP",
        "text": "£94.00"
      },
      "current": {
        "value": 47,
        "currency": "GBP",
        "text": "£47.00"
      },
      "saving": {
        "value": 47,
        "currency": "GBP",
        "text": "£47.00"
      }
    },
    "objectId": "2901619",
    "brand": "Prada",
    "attributes": {
      "fragrance_scent": "floral",
      "product_type": [
        "perfume",
        "gift set"
      ],
      "StockOverrideMessage": "STOCK_COMING_SOON",
      "gender": "womens",
      "recipient": [
        "gifts for women",
        "secret santa"
      ],
      "fragrance_type": "eau de parfum",
      "hasPriceAdvantageDeal": false,
      "gift_type": [
        "stocking fillers",
        "premium beauty gifts",
        "pamper gifts",
        "fragrance gifts"
      ],
      "key_features": [
        "refreshing",
        "energising"
      ],
      "ProductReviewFlag": "1"
    },
    "variants": {
      "colours": [],
      "hasColours": false,
      "hasSizes": false
    },
    "categories": [
      [
        {
          "name": "sale",
          "label": "sale"
        },
        {
          "name": "fragrance",
          "label": "fragrance"
        },
        {
          "name": "gift",
          "label": "gift"
        }
      ],
      [
        {
          "name": "perfume",
          "label": "fragrance > perfume"
        },
        {
          "name": "fragrance gift sets",
          "label": "fragrance > fragrance gift sets"
        },
        {
          "name": "gifts for her",
          "label": "gift > gifts for her"
        },
        {
          "name": "luxury fragrance",
          "label": "fragrance > luxury fragrance"
        },
        {
          "name": "luxury gifts",
          "label": "gift > luxury gifts"
        },
        {
          "name": "all gifts",
          "label": "gift > all gifts"
        }
      ],
      [
        {
          "name": "perfume gift sets",
          "label": "fragrance > perfume > perfume gift sets"
        },
        {
          "name": "all perfumes",
          "label": "fragrance > perfume > all perfumes"
        },
        {
          "name": "perfume gift sets",
          "label": "fragrance > fragrance gift sets > perfume gift sets"
        },
        {
          "name": "all perfumes",
          "label": "gift > gifts for her > all perfumes"
        }
      ]
    ],
    "reviews": {
      "average": 4.77,
      "count": 155,
      "rounded": 4
    },
    "parent": {
      "product": "2901618",
      "partNumber": "10336642.P",
      "model": "10336642",
      "manufacturerModel": "5716780"
    },
    "images": {
      "thumbnail": "https://boots.scene7.com/is/image/Boots/10336642?wid=45&hei=60&op_sharpen=1"
    },
    "offers": [
      {
        "text": "1/2 price on selected fragrance gift sets"
      }
    ],
    "actions": {},
    "iconUri": "https://boots.scene7.com/is/image/Boots/10336642?op_sharpen=1",
    "title": "Prada Paradoxe Eau de Parfum 50ml set",
    "referenceUri": "/prada-paradoxe-eau-de-parfum-50ml-set-10336642",
    "canAddToBasket": "yes",
    "opticians": false,
    "inStock": false,
    "expressDelivery": false,
    "hasOtherPromotion": true,
    "channelPromotionalTextMap": {
      "-1": [
        "1/2 price on selected fragrance gift sets"
      ],
      "-6": [
        "1/2 price on selected fragrance gift sets"
      ]
    },
    "adCardPoints": 141
  },
  {
    "_id": {
      "$oid": "65ec108d9884656b92f559e1"
    },
    "ppuQuantity": "50ML",
    "pricing": {
      "perUnit": "£122.40 per 100ML",
      "regular": {
        "value": 72,
        "currency": "GBP",
        "text": "£72.00"
      },
      "current": {
        "value": 61.2,
        "currency": "GBP",
        "text": "£61.20"
      },
      "saving": {
        "value": 10.8,
        "currency": "GBP",
        "text": "£10.80"
      }
    },
    "objectId": "2822657",
    "brand": "Valentino",
    "attributes": {
      "fragrance_scent": "floral",
      "gender": "womens",
      "size": "41-50",
      "StockOverrideMessage": "STOCK_COMING_SOON",
      "fragrance_type": "eau de parfum",
      "hasPriceAdvantageDeal": false,
      "ProductReviewFlag": "1"
    },
    "variants": {
      "colours": [],
      "hasColours": false,
      "hasSizes": false
    },
    "categories": [
      [
        {
          "name": "new in",
          "label": "new in"
        },
        {
          "name": "fragrance",
          "label": "fragrance"
        },
        {
          "name": "gift",
          "label": "gift"
        }
      ],
      [
        {
          "name": "new in fragrance",
          "label": "new in > new in fragrance"
        },
        {
          "name": "perfume",
          "label": "fragrance > perfume"
        },
        {
          "name": "gifts for her",
          "label": "gift > gifts for her"
        },
        {
          "name": "new in fragrance",
          "label": "fragrance > new in fragrance"
        },
        {
          "name": "brands",
          "label": "fragrance > brands"
        },
        {
          "name": "5* rated perfumes & aftershaves",
          "label": "fragrance > 5* rated perfumes & aftershaves"
        }
      ],
      [
        {
          "name": "all perfumes",
          "label": "fragrance > perfume > all perfumes"
        },
        {
          "name": "floral perfume",
          "label": "fragrance > perfume > floral perfume"
        },
        {
          "name": "all perfumes",
          "label": "gift > gifts for her > all perfumes"
        }
      ]
    ],
    "reviews": {
      "average": 4.74,
      "count": 809,
      "rounded": 4
    },
    "parent": {
      "product": "2822656",
      "partNumber": "10326990.P",
      "model": "10326990",
      "manufacturerModel": "5449960"
    },
    "images": {
      "thumbnail": "https://boots.scene7.com/is/image/Boots/10326990?wid=45&hei=60&op_sharpen=1"
    },
    "offers": [
      {
        "text": "Save up to 20 percent on selected fragrances"
      }
    ],
    "actions": {},
    "iconUri": "https://boots.scene7.com/is/image/Boots/10326990?op_sharpen=1",
    "title": "Valentino Born in Roma Uomo Eau de Parfum Intense 50ml",
    "referenceUri": "/valentino-born-in-roma-uomo-eau-de-parfum-intense-50ml-10326990",
    "canAddToBasket": "yes",
    "opticians": false,
    "inStock": false,
    "expressDelivery": false,
    "hasOtherPromotion": true,
    "channelPromotionalTextMap": {
      "-1": [
        "Save up to 20 percent on selected fragrances"
      ],
      "-6": [
        "Save up to 20 percent on selected fragrances"
      ]
    },
    "adCardPoints": 183
  },
  {
    "_id": {
      "$oid": "65ec108d9884656b92f559e2"
    },
    "ppuQuantity": "75ML",
    "pricing": {
      "perUnit": "£117.33 per 100ML",
      "regular": {
        "value": 110,
        "currency": "GBP",
        "text": "£110.00"
      },
      "current": {
        "value": 88,
        "currency": "GBP",
        "text": "£88.00"
      },
      "saving": {
        "value": 22,
        "currency": "GBP",
        "text": "£22.00"
      }
    },
    "objectId": "2097951",
    "brand": "Chloe",
    "attributes": {
      "fragrance_scent": "woody",
      "gender": "womens",
      "StockOverrideMessage": "STOCK_COMING_SOON",
      "fragrance_type": "eau de parfum",
      "hasPriceAdvantageDeal": false,
      "Reporting_Category": "fragrance",
      "ProductReviewFlag": "1"
    },
    "variants": {
      "colours": [],
      "hasColours": false,
      "hasSizes": false
    },
    "categories": [
      [
        {
          "name": "fragrance",
          "label": "fragrance"
        },
        {
          "name": "gift",
          "label": "gift"
        }
      ],
      [
        {
          "name": "5* rated perfumes & aftershaves",
          "label": "fragrance > 5* rated perfumes & aftershaves"
        },
        {
          "name": "perfume",
          "label": "fragrance > perfume"
        },
        {
          "name": "gifts for her",
          "label": "gift > gifts for her"
        }
      ],
      [
        {
          "name": "all perfumes",
          "label": "fragrance > perfume > all perfumes"
        },
        {
          "name": "all perfumes",
          "label": "gift > gifts for her > all perfumes"
        }
      ]
    ],
    "reviews": {
      "average": 4.73,
      "count": 622,
      "rounded": 4
    },
    "parent": {
      "product": "2097950",
      "partNumber": "10243950.P",
      "model": "10243950",
      "manufacturerModel": "8087490"
    },
    "images": {
      "thumbnail": "https://boots.scene7.com/is/image/Boots/10243950?wid=45&hei=60&op_sharpen=1"
    },
    "offers": [
      {
        "text": "Free gift when you buy selected Chloe fragrances - while stocks last"
      },
      {
        "text": "Free gift when you buy selected Chloe fragrance - online only, whilst stocks last"
      },
      {
        "text": "Save up to 20 percent on selected fragrances"
      }
    ],
    "actions": {},
    "iconUri": "https://boots.scene7.com/is/image/Boots/10243950?op_sharpen=1",
    "title": "Chloé Nomade Eau de Parfum 75ml",
    "referenceUri": "/chloe-nomade-eau-de-parfum-75ml-10243950",
    "canAddToBasket": "yes",
    "opticians": false,
    "inStock": false,
    "expressDelivery": false,
    "hasOtherPromotion": true,
    "channelPromotionalTextMap": {
      "-1": [
        "Free gift when you buy selected Chloe fragrances - while stocks last",
        "Free gift when you buy selected Chloe fragrance - online only, whilst stocks last",
        "Save up to 20 percent on selected fragrances"
      ],
      "-6": [
        "Free gift when you buy selected Chloe fragrances - while stocks last",
        "Free gift when you buy selected Chloe fragrance - online only, whilst stocks last",
        "Save up to 20 percent on selected fragrances"
      ]
    },
    "adCardPoints": 264
  },
  {
    "_id": {
      "$oid": "65ec108d9884656b92f559e3"
    },
    "ppuQuantity": null,
    "pricing": {
      "perUnit": "",
      "regular": {
        "value": 98,
        "currency": "GBP",
        "text": "£98.00"
      },
      "current": {
        "value": 49,
        "currency": "GBP",
        "text": "£49.00"
      },
      "saving": {
        "value": 49,
        "currency": "GBP",
        "text": "£49.00"
      }
    },
    "objectId": "2852275",
    "brand": "Burberry",
    "attributes": {
      "fragrance_scent": "vanilla",
      "product_type": [
        "body spray",
        "gift set"
      ],
      "StockOverrideMessage": "STOCK_COMING_SOON",
      "gender": "womens",
      "recipient": [
        "gifts for women",
        "secret santa"
      ],
      "fragrance_type": "eau de parfum",
      "hasPriceAdvantageDeal": false,
      "gift_type": "fragrance gifts",
      "key_features": "long lasting",
      "ProductReviewFlag": "1"
    },
    "variants": {
      "colours": [],
      "hasColours": false,
      "hasSizes": false
    },
    "categories": [
      [
        {
          "name": "fragrance",
          "label": "fragrance"
        },
        {
          "name": "gift",
          "label": "gift"
        }
      ],
      [
        {
          "name": "perfume",
          "label": "fragrance > perfume"
        },
        {
          "name": "fragrance gift sets",
          "label": "fragrance > fragrance gift sets"
        },
        {
          "name": "gifts for her",
          "label": "gift > gifts for her"
        },
        {
          "name": "luxury fragrance",
          "label": "fragrance > luxury fragrance"
        },
        {
          "name": "luxury gifts",
          "label": "gift > luxury gifts"
        },
        {
          "name": "all gifts",
          "label": "gift > all gifts"
        }
      ],
      [
        {
          "name": "perfume gift sets",
          "label": "fragrance > perfume > perfume gift sets"
        },
        {
          "name": "all perfumes",
          "label": "fragrance > perfume > all perfumes"
        },
        {
          "name": "perfume gift sets",
          "label": "fragrance > fragrance gift sets > perfume gift sets"
        },
        {
          "name": "all perfumes",
          "label": "gift > gifts for her > all perfumes"
        }
      ]
    ],
    "reviews": {
      "average": 4.7,
      "count": 227,
      "rounded": 4
    },
    "parent": {
      "product": "2852274",
      "partNumber": "10330624.P",
      "model": "10330624",
      "manufacturerModel": "5716462"
    },
    "images": {
      "thumbnail": "https://boots.scene7.com/is/image/Boots/10330624?wid=45&hei=60&op_sharpen=1"
    },
    "offers": [
      {
        "text": "1/2 price on selected fragrance gift sets"
      }
    ],
    "actions": {},
    "iconUri": "https://boots.scene7.com/is/image/Boots/10330624?op_sharpen=1",
    "title": "Burberry Goddess Eau de Parfum 50ml Giftset",
    "referenceUri": "/burberry-goddess-eau-de-parfum-50ml-giftset-10330624",
    "canAddToBasket": "yes",
    "opticians": false,
    "inStock": false,
    "expressDelivery": false,
    "hasOtherPromotion": true,
    "channelPromotionalTextMap": {
      "-1": [
        "1/2 price on selected fragrance gift sets"
      ],
      "-6": [
        "1/2 price on selected fragrance gift sets"
      ]
    },
    "adCardPoints": 147
  },
  {
    "_id": {
      "$oid": "65ec108d9884656b92f559e4"
    },
    "ppuQuantity": "100ML",
    "pricing": {
      "perUnit": "£116.45 per 100ML",
      "regular": {
        "value": 137,
        "currency": "GBP",
        "text": "£137.00"
      },
      "current": {
        "value": 116.45,
        "currency": "GBP",
        "text": "£116.45"
      },
      "saving": {
        "value": 20.55,
        "currency": "GBP",
        "text": "£20.55"
      }
    },
    "objectId": "1868117",
    "brand": "Christian Dior",
    "attributes": {
      "fragrance_scent": "floral",
      "size": "71-100",
      "StockOverrideMessage": "STOCK_COMING_SOON",
      "gender": "womens",
      "parentCategory_UK": "33071",
      "fragrance_type": "eau de parfum",
      "hasPriceAdvantageDeal": false,
      "Reporting_Category": "fragrance",
      "ProductReviewFlag": "1"
    },
    "variants": {
      "colours": [],
      "hasColours": false,
      "hasSizes": false
    },
    "categories": [
      [
        {
          "name": "fragrance",
          "label": "fragrance"
        },
        {
          "name": "gift",
          "label": "gift"
        }
      ],
      [
        {
          "name": "perfume",
          "label": "fragrance > perfume"
        },
        {
          "name": "fragrance offers",
          "label": "fragrance > fragrance offers"
        },
        {
          "name": "gifts for her",
          "label": "gift > gifts for her"
        }
      ],
      [
        {
          "name": "all perfumes",
          "label": "fragrance > perfume > all perfumes"
        },
        {
          "name": "floral perfume",
          "label": "fragrance > perfume > floral perfume"
        },
        {
          "name": "Save 15% on 100s of fragrances",
          "label": "fragrance > fragrance offers > Save 15% on 100s of fragrances"
        },
        {
          "name": "all perfumes",
          "label": "gift > gifts for her > all perfumes"
        }
      ]
    ],
    "reviews": {
      "average": 4.69,
      "count": 2793,
      "rounded": 4
    },
    "parent": {
      "product": "1868116",
      "partNumber": "10218315.P",
      "model": "10218315",
      "manufacturerModel": "6682510"
    },
    "images": {
      "thumbnail": "https://boots.scene7.com/is/image/Boots/10218315?wid=45&hei=60&op_sharpen=1"
    },
    "offers": [
      {
        "text": "Save up to 20 percent on selected fragrances"
      }
    ],
    "actions": {},
    "iconUri": "https://boots.scene7.com/is/image/Boots/10218315?op_sharpen=1",
    "title": "DIOR Miss Dior Absolutely Blooming Eau de Parfum 100ml",
    "referenceUri": "/miss-dior-absolutely-blooming-eau-de-parfum-100ml-10218315",
    "canAddToBasket": "yes",
    "opticians": false,
    "inStock": false,
    "expressDelivery": false,
    "hasOtherPromotion": true,
    "channelPromotionalTextMap": {
      "-1": [
        "Save up to 20 percent on selected fragrances"
      ],
      "-6": [
        "Save up to 20 percent on selected fragrances"
      ]
    },
    "adCardPoints": 348
  },
  {
    "_id": {
      "$oid": "65ec108d9884656b92f559e5"
    },
    "ppuQuantity": "50ML",
    "pricing": {
      "perUnit": "£164.90 per 100ML",
      "regular": {
        "value": 97,
        "currency": "GBP",
        "text": "£97.00"
      },
      "current": {
        "value": 82.45,
        "currency": "GBP",
        "text": "£82.45"
      },
      "saving": {
        "value": 14.55,
        "currency": "GBP",
        "text": "£14.55"
      }
    },
    "objectId": "1868115",
    "brand": "Christian Dior",
    "attributes": {
      "fragrance_scent": "floral",
      "StockOverrideMessage": "STOCK_COMING_SOON",
      "gender": "womens",
      "size": "41-50",
      "parentCategory_UK": "33071",
      "fragrance_type": "eau de parfum",
      "hasPriceAdvantageDeal": false,
      "Reporting_Category": "fragrance",
      "ProductReviewFlag": "1"
    },
    "variants": {
      "colours": [],
      "hasColours": false,
      "hasSizes": false
    },
    "categories": [
      [
        {
          "name": "fragrance",
          "label": "fragrance"
        },
        {
          "name": "gift",
          "label": "gift"
        }
      ],
      [
        {
          "name": "perfume",
          "label": "fragrance > perfume"
        },
        {
          "name": "fragrance offers",
          "label": "fragrance > fragrance offers"
        },
        {
          "name": "gifts for her",
          "label": "gift > gifts for her"
        }
      ],
      [
        {
          "name": "all perfumes",
          "label": "fragrance > perfume > all perfumes"
        },
        {
          "name": "floral perfume",
          "label": "fragrance > perfume > floral perfume"
        },
        {
          "name": "Save 15% on 100s of fragrances",
          "label": "fragrance > fragrance offers > Save 15% on 100s of fragrances"
        },
        {
          "name": "all perfumes",
          "label": "gift > gifts for her > all perfumes"
        }
      ]
    ],
    "reviews": {
      "average": 4.69,
      "count": 2780,
      "rounded": 4
    },
    "parent": {
      "product": "1868114",
      "partNumber": "10218314.P",
      "model": "10218314",
      "manufacturerModel": "6682502"
    },
    "images": {
      "thumbnail": "https://boots.scene7.com/is/image/Boots/10218314?wid=45&hei=60&op_sharpen=1"
    },
    "offers": [
      {
        "text": "Save up to 20 percent on selected fragrances"
      }
    ],
    "actions": {},
    "iconUri": "https://boots.scene7.com/is/image/Boots/10218314?op_sharpen=1",
    "title": "DIOR Miss Dior Absolutely Blooming Eau de Parfum 50ml",
    "referenceUri": "/miss-dior-absolutely-blooming-eau-de-parfum-50ml-10218314",
    "canAddToBasket": "yes",
    "opticians": false,
    "inStock": false,
    "expressDelivery": false,
    "hasOtherPromotion": true,
    "channelPromotionalTextMap": {
      "-1": [
        "Save up to 20 percent on selected fragrances"
      ],
      "-6": [
        "Save up to 20 percent on selected fragrances"
      ]
    },
    "adCardPoints": 246
  },
  {
    "_id": {
      "$oid": "65ec108d9884656b92f559e6"
    },
    "ppuQuantity": "100ML",
    "pricing": {
      "perUnit": "£80.25 per 100ML",
      "regular": {
        "value": 107,
        "currency": "GBP",
        "text": "£107.00"
      },
      "current": {
        "value": 80.25,
        "currency": "GBP",
        "text": "£80.25"
      },
      "saving": {
        "value": 26.75,
        "currency": "GBP",
        "text": "£26.75"
      }
    },
    "objectId": "2631702",
    "brand": "Kayali",
    "attributes": {
      "fragrance_scent": "woody",
      "StockOverrideMessage": "STOCK_COMING_SOON",
      "size": "71-100",
      "fragrance_type": "eau de parfum",
      "hasPriceAdvantageDeal": false,
      "Reporting_Category": "fragrance",
      "ProductReviewFlag": "1"
    },
    "variants": {
      "colours": [],
      "hasColours": false,
      "hasSizes": false
    },
    "categories": [
      [
        {
          "name": "fragrance",
          "label": "fragrance"
        },
        {
          "name": "beauty & skincare",
          "label": "beauty & skincare"
        },
        {
          "name": "gift",
          "label": "gift"
        }
      ],
      [
        {
          "name": "5* rated perfumes & aftershaves",
          "label": "fragrance > 5* rated perfumes & aftershaves"
        },
        {
          "name": "premium beauty & skincare",
          "label": "beauty & skincare > premium beauty & skincare"
        },
        {
          "name": "perfume",
          "label": "fragrance > perfume"
        },
        {
          "name": "gifts for her",
          "label": "gift > gifts for her"
        }
      ],
      [
        {
          "name": "save up to 25% across selected premium beauty and No7",
          "label": "beauty & skincare > premium beauty & skincare > save up to 25% across selected premium beauty and No7"
        },
        {
          "name": "all perfumes",
          "label": "fragrance > perfume > all perfumes"
        },
        {
          "name": "all perfumes",
          "label": "gift > gifts for her > all perfumes"
        }
      ]
    ],
    "reviews": {
      "average": 4.67,
      "count": 12,
      "rounded": 4
    },
    "parent": {
      "product": "2631701",
      "partNumber": "10305708.P",
      "model": "10305708",
      "manufacturerModel": "8989796"
    },
    "images": {
      "thumbnail": "https://boots.scene7.com/is/image/Boots/10305708?wid=45&hei=60&op_sharpen=1"
    },
    "offers": [
      {
        "text": "Save up to 25 percent across selected Premium Beauty"
      }
    ],
    "actions": {},
    "iconUri": "https://boots.scene7.com/is/image/Boots/10305708?op_sharpen=1",
    "title": "Kayali Sweet Diamond Pink Pepper 25 Eau de Parfum Intense 100ml",
    "referenceUri": "/kayali-sweet-diamond-pink-pepper--25-eau-de-parfum-intense-100ml-10305708",
    "canAddToBasket": "yes",
    "opticians": false,
    "inStock": false,
    "expressDelivery": false,
    "hasOtherPromotion": true,
    "channelPromotionalTextMap": {
      "-1": [
        "Save up to 25 percent across selected Premium Beauty"
      ],
      "-6": [
        "Save up to 25 percent across selected Premium Beauty"
      ]
    },
    "adCardPoints": 240
  },
  {
    "_id": {
      "$oid": "65ec108d9884656b92f559e7"
    },
    "ppuQuantity": "50ML",
    "pricing": {
      "perUnit": "£118.50 per 100ML",
      "regular": {
        "value": 79,
        "currency": "GBP",
        "text": "£79.00"
      },
      "current": {
        "value": 59.25,
        "currency": "GBP",
        "text": "£59.25"
      },
      "saving": {
        "value": 19.75,
        "currency": "GBP",
        "text": "£19.75"
      }
    },
    "objectId": "2494453",
    "brand": "Kayali",
    "attributes": {
      "fragrance_scent": "floral",
      "gender": "womens",
      "size": "41-50",
      "StockOverrideMessage": "STOCK_COMING_SOON",
      "fragrance_type": "eau de parfum",
      "hasPriceAdvantageDeal": false,
      "Reporting_Category": "fragrance",
      "ProductReviewFlag": "1"
    },
    "variants": {
      "colours": [],
      "hasColours": false,
      "hasSizes": false
    },
    "categories": [
      [
        {
          "name": "fragrance",
          "label": "fragrance"
        },
        {
          "name": "beauty & skincare",
          "label": "beauty & skincare"
        },
        {
          "name": "gift",
          "label": "gift"
        }
      ],
      [
        {
          "name": "5* rated perfumes & aftershaves",
          "label": "fragrance > 5* rated perfumes & aftershaves"
        },
        {
          "name": "premium beauty & skincare",
          "label": "beauty & skincare > premium beauty & skincare"
        },
        {
          "name": "perfume",
          "label": "fragrance > perfume"
        },
        {
          "name": "gifts for her",
          "label": "gift > gifts for her"
        }
      ],
      [
        {
          "name": "save up to 25% across selected premium beauty and No7",
          "label": "beauty & skincare > premium beauty & skincare > save up to 25% across selected premium beauty and No7"
        },
        {
          "name": "all perfumes",
          "label": "fragrance > perfume > all perfumes"
        },
        {
          "name": "floral perfume",
          "label": "fragrance > perfume > floral perfume"
        },
        {
          "name": "all perfumes",
          "label": "gift > gifts for her > all perfumes"
        }
      ]
    ],
    "reviews": {
      "average": 4.67,
      "count": 12,
      "rounded": 4
    },
    "parent": {
      "product": "2494452",
      "partNumber": "10291452.P",
      "model": "10291452",
      "manufacturerModel": "2554798"
    },
    "images": {
      "thumbnail": "https://boots.scene7.com/is/image/Boots/10291452?wid=45&hei=60&op_sharpen=1"
    },
    "offers": [
      {
        "text": "Save up to 25 percent across selected Premium Beauty"
      }
    ],
    "actions": {},
    "iconUri": "https://boots.scene7.com/is/image/Boots/10291452?op_sharpen=1",
    "title": "Kayali Sweet Diamond Pink Pepper 25 Eau de Parfum Intense",
    "referenceUri": "/kayali-sweet-diamond-pink-pepper-25-eau-de-parfum-intense--10291452",
    "canAddToBasket": "yes",
    "opticians": false,
    "inStock": false,
    "expressDelivery": false,
    "hasOtherPromotion": true,
    "channelPromotionalTextMap": {
      "-1": [
        "Save up to 25 percent across selected Premium Beauty"
      ],
      "-6": [
        "Save up to 25 percent across selected Premium Beauty"
      ]
    },
    "adCardPoints": 177
  },
  {
    "_id": {
      "$oid": "65ec108d9884656b92f559e8"
    },
    "ppuQuantity": "30ML",
    "pricing": {
      "perUnit": "£215.00 per 100ML",
      "regular": {
        "value": 64.5,
        "currency": "GBP",
        "text": "£64.50"
      },
      "current": {
        "value": 64.5,
        "currency": "GBP",
        "text": "£64.50"
      }
    },
    "objectId": "2488020",
    "brand": "Carolina Herrera",
    "attributes": {
      "fragrance_scent": [
        "floral",
        "floral",
        "fruity",
        "vanilla"
      ],
      "StockOverrideMessage": "STOCK_COMING_SOON",
      "size": "25 - 49 ml",
      "fragrance_type": "eau de parfum",
      "hasPriceAdvantageDeal": false,
      "Reporting_Category": "fragrance",
      "ProductReviewFlag": "1"
    },
    "variants": {
      "colours": [],
      "hasColours": false,
      "hasSizes": false
    },
    "categories": [
      [
        {
          "name": "fragrance",
          "label": "fragrance"
        },
        {
          "name": "gift",
          "label": "gift"
        }
      ],
      [
        {
          "name": "5* rated perfumes & aftershaves",
          "label": "fragrance > 5* rated perfumes & aftershaves"
        },
        {
          "name": "perfume",
          "label": "fragrance > perfume"
        },
        {
          "name": "gifts for her",
          "label": "gift > gifts for her"
        }
      ],
      [
        {
          "name": "all perfumes",
          "label": "fragrance > perfume > all perfumes"
        },
        {
          "name": "floral perfume",
          "label": "fragrance > perfume > floral perfume"
        },
        {
          "name": "all perfumes",
          "label": "gift > gifts for her > all perfumes"
        }
      ]
    ],
    "reviews": {
      "average": 4.65,
      "count": 1592,
      "rounded": 4
    },
    "parent": {
      "product": "2488019",
      "partNumber": "10290749.P",
      "model": "10290749",
      "manufacturerModel": "2345161"
    },
    "images": {
      "thumbnail": "https://boots.scene7.com/is/image/Boots/10290749?wid=45&hei=60&op_sharpen=1"
    },
    "offers": [],
    "actions": {},
    "iconUri": "https://boots.scene7.com/is/image/Boots/10290749?op_sharpen=1",
    "title": "Carolina Herrera Very Good Girl Eau de Parfum 30ml",
    "referenceUri": "/carolina-herrera-very-good-girl-eau-de-parfum-30ml-10290749",
    "canAddToBasket": "yes",
    "opticians": false,
    "inStock": false,
    "expressDelivery": false,
    "hasOtherPromotion": false,
    "channelPromotionalTextMap": {
      "-1": [],
      "-6": []
    },
    "adCardPoints": 192
  },
  {
    "_id": {
      "$oid": "65ec108d9884656b92f559e9"
    },
    "ppuQuantity": "50ML",
    "pricing": {
      "perUnit": "£153.00 per 100ML",
      "regular": {
        "value": 90,
        "currency": "GBP",
        "text": "£90.00"
      },
      "current": {
        "value": 76.5,
        "currency": "GBP",
        "text": "£76.50"
      },
      "saving": {
        "value": 13.5,
        "currency": "GBP",
        "text": "£13.50"
      }
    },
    "objectId": "2393481",
    "brand": "Mugler",
    "attributes": {
      "fragrance_scent": [
        "woody",
        "fruity",
        "floral"
      ],
      "StockOverrideMessage": "STOCK_COMING_SOON",
      "size": "41-50",
      "gender": "womens",
      "fragrance_type": "eau de parfum",
      "format": "spray",
      "hasPriceAdvantageDeal": false,
      "Reporting_Category": "fragrance",
      "ProductReviewFlag": "1"
    },
    "variants": {
      "colours": [],
      "hasColours": false,
      "hasSizes": false
    },
    "categories": [
      [
        {
          "name": "fragrance",
          "label": "fragrance"
        },
        {
          "name": "gift",
          "label": "gift"
        },
        {
          "name": "wellness",
          "label": "wellness"
        }
      ],
      [
        {
          "name": "recommended",
          "label": "fragrance > recommended"
        },
        {
          "name": "perfume",
          "label": "fragrance > perfume"
        },
        {
          "name": "gifts for her",
          "label": "gift > gifts for her"
        },
        {
          "name": "sustainability at Boots",
          "label": "wellness > sustainability at Boots"
        },
        {
          "name": "5* rated perfumes & aftershaves",
          "label": "fragrance > 5* rated perfumes & aftershaves"
        }
      ],
      [
        {
          "name": "all perfumes",
          "label": "fragrance > perfume > all perfumes"
        },
        {
          "name": "floral perfume",
          "label": "fragrance > perfume > floral perfume"
        },
        {
          "name": "perfume refill bottles",
          "label": "fragrance > perfume > perfume refill bottles"
        },
        {
          "name": "trending fragrance",
          "label": "fragrance > recommended > trending fragrance"
        },
        {
          "name": "all perfumes",
          "label": "gift > gifts for her > all perfumes"
        },
        {
          "name": "reuse ready",
          "label": "wellness > sustainability at Boots > reuse ready"
        }
      ]
    ],
    "reviews": {
      "average": 4.65,
      "count": 211,
      "rounded": 4
    },
    "parent": {
      "product": "2393480",
      "partNumber": "10279690.P",
      "model": "10279690",
      "manufacturerModel": "8855609"
    },
    "images": {
      "thumbnail": "https://boots.scene7.com/is/image/Boots/10279690?wid=45&hei=60&op_sharpen=1"
    },
    "offers": [
      {
        "text": "Save up to 20 percent on selected fragrances"
      }
    ],
    "actions": {},
    "iconUri": "https://boots.scene7.com/is/image/Boots/10279690?op_sharpen=1",
    "title": "MUGLER Angel Nova Refillable Eau de Parfum 50ml",
    "referenceUri": "/mugler-angel-nova-refillable-eau-de-parfum-50ml-10279690",
    "canAddToBasket": "yes",
    "opticians": false,
    "inStock": false,
    "expressDelivery": false,
    "hasOtherPromotion": true,
    "channelPromotionalTextMap": {
      "-1": [
        "Save up to 20 percent on selected fragrances"
      ],
      "-6": [
        "Save up to 20 percent on selected fragrances"
      ]
    },
    "adCardPoints": 228
  },
  {
    "_id": {
      "$oid": "65ec108d9884656b92f559ea"
    },
    "ppuQuantity": "150ML",
    "pricing": {
      "perUnit": "£88.67 per 100ML",
      "regular": {
        "value": 133,
        "currency": "GBP",
        "text": "£133.00"
      },
      "current": {
        "value": 133,
        "currency": "GBP",
        "text": "£133.00"
      }
    },
    "objectId": "2694357",
    "brand": "Giorgio Armani",
    "attributes": {
      "fragrance_scent": "floral",
      "gender": "womens",
      "size": "101-150",
      "StockOverrideMessage": "STOCK_COMING_SOON",
      "fragrance_type": "eau de parfum",
      "hasPriceAdvantageDeal": false,
      "Reporting_Category": "fragrance",
      "ProductReviewFlag": "1"
    },
    "variants": {
      "colours": [],
      "hasColours": false,
      "hasSizes": false
    },
    "categories": [
      [
        {
          "name": "fragrance",
          "label": "fragrance"
        },
        {
          "name": "gift",
          "label": "gift"
        }
      ],
      [
        {
          "name": "5* rated perfumes & aftershaves",
          "label": "fragrance > 5* rated perfumes & aftershaves"
        },
        {
          "name": "perfume",
          "label": "fragrance > perfume"
        },
        {
          "name": "gifts for her",
          "label": "gift > gifts for her"
        },
        {
          "name": "luxury fragrance",
          "label": "fragrance > luxury fragrance"
        }
      ],
      [
        {
          "name": "all perfumes",
          "label": "fragrance > perfume > all perfumes"
        },
        {
          "name": "perfume refill bottles",
          "label": "fragrance > perfume > perfume refill bottles"
        },
        {
          "name": "all perfumes",
          "label": "gift > gifts for her > all perfumes"
        }
      ]
    ],
    "reviews": {
      "average": 4.64,
      "count": 2711,
      "rounded": 4
    },
    "parent": {
      "product": "2694356",
      "partNumber": "10314495.P",
      "model": "10314495",
      "manufacturerModel": "3362108"
    },
    "images": {
      "thumbnail": "https://boots.scene7.com/is/image/Boots/10314495?wid=45&hei=60&op_sharpen=1"
    },
    "offers": [],
    "actions": {},
    "iconUri": "https://boots.scene7.com/is/image/Boots/10314495?op_sharpen=1",
    "title": "Armani My Way Floral Eau de Parfum 150ml Refill",
    "referenceUri": "/armani-my-way-floral-eau-de-parfum-150ml-refill-10314495",
    "canAddToBasket": "yes",
    "opticians": false,
    "inStock": false,
    "expressDelivery": false,
    "hasOtherPromotion": false,
    "channelPromotionalTextMap": {
      "-1": [],
      "-6": []
    },
    "adCardPoints": 399
  },
  {
    "_id": {
      "$oid": "65ec108d9884656b92f559eb"
    },
    "ppuQuantity": "50ML",
    "pricing": {
      "perUnit": "£57.80 per 100ML",
      "regular": {
        "value": 34,
        "currency": "GBP",
        "text": "£34.00"
      },
      "current": {
        "value": 28.9,
        "currency": "GBP",
        "text": "£28.90"
      },
      "saving": {
        "value": 5.1,
        "currency": "GBP",
        "text": "£5.10"
      }
    },
    "objectId": "2875115",
    "brand": "Caudalie",
    "attributes": {
      "fragrance_scent": "citrus",
      "product_type": "perfume",
      "StockOverrideMessage": "STOCK_COMING_SOON",
      "size": "41-50",
      "fragrance_type": "eau de parfum",
      "hasPriceAdvantageDeal": false,
      "ProductReviewFlag": "1"
    },
    "variants": {
      "colours": [],
      "hasColours": false,
      "hasSizes": false
    },
    "categories": [
      [
        {
          "name": "gift",
          "label": "gift"
        },
        {
          "name": "fragrance",
          "label": "fragrance"
        }
      ],
      [
        {
          "name": "gifts for her",
          "label": "gift > gifts for her"
        },
        {
          "name": "perfume",
          "label": "fragrance > perfume"
        }
      ],
      [
        {
          "name": "all perfumes",
          "label": "gift > gifts for her > all perfumes"
        },
        {
          "name": "all perfumes",
          "label": "fragrance > perfume > all perfumes"
        }
      ]
    ],
    "reviews": {
      "average": 4.62,
      "count": 21,
      "rounded": 4
    },
    "parent": {
      "product": "2875114",
      "partNumber": "10333529.P",
      "model": "10333529",
      "manufacturerModel": "5774802"
    },
    "images": {
      "thumbnail": "https://boots.scene7.com/is/image/Boots/10333529?wid=45&hei=60&op_sharpen=1"
    },
    "offers": [
      {
        "text": "Save 15 percent on selected Caudalie"
      }
    ],
    "actions": {},
    "iconUri": "https://boots.scene7.com/is/image/Boots/10333529?op_sharpen=1",
    "title": "Caudalie Ange des Vignes Eau de Parfum 50ml",
    "referenceUri": "/caudalie-ange-des-vignes-eau-de-parfum-50ml-10333529",
    "canAddToBasket": "yes",
    "opticians": false,
    "inStock": false,
    "expressDelivery": false,
    "hasOtherPromotion": true,
    "channelPromotionalTextMap": {
      "-1": [
        "Save 15 percent on selected Caudalie"
      ],
      "-6": [
        "Save 15 percent on selected Caudalie"
      ]
    },
    "adCardPoints": 84
  },
  {
    "_id": {
      "$oid": "65ec108d9884656b92f559ec"
    },
    "ppuQuantity": null,
    "pricing": {
      "perUnit": "",
      "regular": {
        "value": 127,
        "currency": "GBP",
        "text": "£127.00"
      },
      "current": {
        "value": 63.5,
        "currency": "GBP",
        "text": "£63.50"
      },
      "saving": {
        "value": 63.5,
        "currency": "GBP",
        "text": "£63.50"
      }
    },
    "objectId": "2852265",
    "brand": "Burberry",
    "attributes": {
      "fragrance_scent": "fruity",
      "product_type": [
        "body spray",
        "gift set"
      ],
      "StockOverrideMessage": "STOCK_COMING_SOON",
      "gender": "womens",
      "recipient": [
        "gifts for women",
        "secret santa"
      ],
      "fragrance_type": "eau de parfum",
      "hasPriceAdvantageDeal": false,
      "gift_type": "fragrance gifts",
      "key_features": "long lasting",
      "ProductReviewFlag": "1"
    },
    "variants": {
      "colours": [],
      "hasColours": false,
      "hasSizes": false
    },
    "categories": [
      [
        {
          "name": "fragrance",
          "label": "fragrance"
        },
        {
          "name": "gift",
          "label": "gift"
        }
      ],
      [
        {
          "name": "perfume",
          "label": "fragrance > perfume"
        },
        {
          "name": "fragrance gift sets",
          "label": "fragrance > fragrance gift sets"
        },
        {
          "name": "gifts for her",
          "label": "gift > gifts for her"
        },
        {
          "name": "luxury fragrance",
          "label": "fragrance > luxury fragrance"
        },
        {
          "name": "luxury gifts",
          "label": "gift > luxury gifts"
        },
        {
          "name": "all gifts",
          "label": "gift > all gifts"
        }
      ],
      [
        {
          "name": "perfume gift sets",
          "label": "fragrance > perfume > perfume gift sets"
        },
        {
          "name": "all perfumes",
          "label": "fragrance > perfume > all perfumes"
        },
        {
          "name": "perfume gift sets",
          "label": "fragrance > fragrance gift sets > perfume gift sets"
        },
        {
          "name": "all perfumes",
          "label": "gift > gifts for her > all perfumes"
        }
      ]
    ],
    "reviews": {
      "average": 4.6,
      "count": 2433,
      "rounded": 4
    },
    "parent": {
      "product": "2852264",
      "partNumber": "10330620.P",
      "model": "10330620",
      "manufacturerModel": "5716411"
    },
    "images": {
      "thumbnail": "https://boots.scene7.com/is/image/Boots/10330620?wid=45&hei=60&op_sharpen=1"
    },
    "offers": [
      {
        "text": "1/2 price on selected fragrance gift sets"
      }
    ],
    "actions": {},
    "iconUri": "https://boots.scene7.com/is/image/Boots/10330620?op_sharpen=1",
    "title": "Burberry Her Eau de Parfum 100ml Giftset",
    "referenceUri": "/burberry-her-eau-de-parfum-100ml-giftset-10330620",
    "canAddToBasket": "yes",
    "opticians": false,
    "inStock": false,
    "expressDelivery": false,
    "hasOtherPromotion": true,
    "channelPromotionalTextMap": {
      "-1": [
        "1/2 price on selected fragrance gift sets"
      ],
      "-6": [
        "1/2 price on selected fragrance gift sets"
      ]
    },
    "adCardPoints": 189
  },
  {
    "_id": {
      "$oid": "65ec108d9884656b92f559ed"
    },
    "ppuQuantity": "20ML",
    "pricing": {
      "perUnit": "£178.50 per 100ML",
      "regular": {
        "value": 42,
        "currency": "GBP",
        "text": "£42.00"
      },
      "current": {
        "value": 35.7,
        "currency": "GBP",
        "text": "£35.70"
      },
      "saving": {
        "value": 6.3,
        "currency": "GBP",
        "text": "£6.30"
      }
    },
    "objectId": "2220104",
    "brand": "Christian Dior",
    "attributes": {
      "fragrance_scent": "floral",
      "size": "11-20",
      "gender": "womens",
      "StockOverrideMessage": "STOCK_COMING_SOON",
      "fragrance_type": "eau de toilette",
      "hasPriceAdvantageDeal": false,
      "Reporting_Category": "fragrance",
      "ProductReviewFlag": "1"
    },
    "variants": {
      "colours": [],
      "hasColours": false,
      "hasSizes": false
    },
    "categories": [
      [
        {
          "name": "fragrance",
          "label": "fragrance"
        },
        {
          "name": "gift",
          "label": "gift"
        }
      ],
      [
        {
          "name": "5* rated perfumes & aftershaves",
          "label": "fragrance > 5* rated perfumes & aftershaves"
        },
        {
          "name": "perfume",
          "label": "fragrance > perfume"
        },
        {
          "name": "fragrance offers",
          "label": "fragrance > fragrance offers"
        },
        {
          "name": "gifts for her",
          "label": "gift > gifts for her"
        }
      ],
      [
        {
          "name": "all perfumes",
          "label": "fragrance > perfume > all perfumes"
        },
        {
          "name": "floral perfume",
          "label": "fragrance > perfume > floral perfume"
        },
        {
          "name": "Save 15% on 100s of fragrances",
          "label": "fragrance > fragrance offers > Save 15% on 100s of fragrances"
        },
        {
          "name": "all perfumes",
          "label": "gift > gifts for her > all perfumes"
        }
      ]
    ],
    "reviews": {
      "average": 4.58,
      "count": 132,
      "rounded": 4
    },
    "parent": {
      "product": "2220103",
      "partNumber": "10259486.P",
      "model": "10259486",
      "manufacturerModel": "8410828"
    },
    "images": {
      "thumbnail": "https://boots.scene7.com/is/image/Boots/10259486?wid=45&hei=60&op_sharpen=1"
    },
    "offers": [
      {
        "text": "Save up to 20 percent on selected fragrances"
      }
    ],
    "actions": {},
    "iconUri": "https://boots.scene7.com/is/image/Boots/10259486?op_sharpen=1",
    "title": "DIOR Miss Dior Eau de Toilette Roller-Pearl 20ml",
    "referenceUri": "/miss-dior-eau-de-toilette-roller-pearl-20ml-10259486",
    "canAddToBasket": "yes",
    "opticians": false,
    "inStock": false,
    "expressDelivery": false,
    "hasOtherPromotion": true,
    "channelPromotionalTextMap": {
      "-1": [
        "Save up to 20 percent on selected fragrances"
      ],
      "-6": [
        "Save up to 20 percent on selected fragrances"
      ]
    },
    "adCardPoints": 105
  },
  {
    "_id": {
      "$oid": "65ec108d9884656b92f559ee"
    },
    "ppuQuantity": "50ML",
    "pricing": {
      "perUnit": "£98.00 per 100ML",
      "regular": {
        "value": 49,
        "currency": "GBP",
        "text": "£49.00"
      },
      "current": {
        "value": 49,
        "currency": "GBP",
        "text": "£49.00"
      }
    },
    "objectId": "2902239",
    "brand": "Montblanc",
    "attributes": {
      "fragrance_scent": "aromatic",
      "product_type": "body spray",
      "gender": "mens",
      "size": "41-50",
      "fragrance_type": "eau de toilette",
      "hasPriceAdvantageDeal": false,
      "ProductReviewFlag": "1"
    },
    "variants": {
      "colours": [],
      "hasColours": false,
      "hasSizes": false
    },
    "categories": [
      [
        {
          "name": "fragrance",
          "label": "fragrance"
        },
        {
          "name": "toiletries",
          "label": "toiletries"
        },
        {
          "name": "men's",
          "label": "men's"
        },
        {
          "name": "gift",
          "label": "gift"
        },
        {
          "name": "new in",
          "label": "new in"
        }
      ],
      [
        {
          "name": "men's toiletries",
          "label": "toiletries > men's toiletries"
        },
        {
          "name": "men's toiletries",
          "label": "men's > men's toiletries"
        },
        {
          "name": "perfume",
          "label": "fragrance > perfume"
        },
        {
          "name": "aftershave",
          "label": "fragrance > aftershave"
        },
        {
          "name": "gifts for him",
          "label": "gift > gifts for him"
        },
        {
          "name": "gifts for her",
          "label": "gift > gifts for her"
        },
        {
          "name": "aftershave",
          "label": "men's > aftershave"
        },
        {
          "name": "luxury fragrance",
          "label": "fragrance > luxury fragrance"
        },
        {
          "name": "new in fragrance",
          "label": "fragrance > new in fragrance"
        },
        {
          "name": "brands",
          "label": "fragrance > brands"
        },
        {
          "name": "new in fragrance",
          "label": "new in > new in fragrance"
        }
      ],
      [
        {
          "name": "aftershave",
          "label": "toiletries > men's toiletries > aftershave"
        },
        {
          "name": "aftershave",
          "label": "men's > men's toiletries > aftershave"
        },
        {
          "name": "all perfumes",
          "label": "fragrance > perfume > all perfumes"
        },
        {
          "name": "all aftershave",
          "label": "fragrance > aftershave > all aftershave"
        },
        {
          "name": "all aftershave",
          "label": "gift > gifts for him > all aftershave"
        },
        {
          "name": "all perfumes",
          "label": "gift > gifts for her > all perfumes"
        },
        {
          "name": "all aftershave",
          "label": "men's > aftershave > all aftershave"
        }
      ],
      [
        {
          "name": "all aftershave",
          "label": "toiletries > men's toiletries > aftershave > all aftershave"
        },
        {
          "name": "all aftershave",
          "label": "men's > men's toiletries > aftershave > all aftershave"
        }
      ]
    ],
    "reviews": {
      "average": 4.54,
      "count": 50,
      "rounded": 4
    },
    "parent": {
      "product": "2902238",
      "partNumber": "10336762.P",
      "model": "10336762",
      "manufacturerModel": "5987121"
    },
    "images": {
      "thumbnail": "https://boots.scene7.com/is/image/Boots/10336762?wid=45&hei=60&op_sharpen=1"
    },
    "offers": [],
    "actions": {},
    "iconUri": "https://boots.scene7.com/is/image/Boots/10336762?op_sharpen=1",
    "title": "Montblanc Legend Spirit Eau de Toilette 50ml",
    "referenceUri": "/montblanc-legend-spirit-eau-de-toilette-50ml-10336762",
    "canAddToBasket": "yes",
    "opticians": false,
    "inStock": false,
    "expressDelivery": false,
    "hasOtherPromotion": false,
    "channelPromotionalTextMap": {
      "-1": [],
      "-6": []
    },
    "adCardPoints": 147
  },
  {
    "_id": {
      "$oid": "65ec108d9884656b92f559ef"
    },
    "ppuQuantity": null,
    "pricing": {
      "perUnit": "",
      "regular": {
        "value": 64,
        "currency": "GBP",
        "text": "£64.00"
      },
      "current": {
        "value": 32,
        "currency": "GBP",
        "text": "£32.00"
      },
      "saving": {
        "value": 32,
        "currency": "GBP",
        "text": "£32.00"
      }
    },
    "objectId": "2850172",
    "brand": "Calvin Klein",
    "attributes": {
      "fragrance_scent": "citrus",
      "product_type": [
        "body spray",
        "gift set"
      ],
      "StockOverrideMessage": "STOCK_COMING_SOON",
      "gender": "womens",
      "fragrance_type": "eau de parfum",
      "recipient": [
        "secret santa",
        "gifts for women"
      ],
      "hasPriceAdvantageDeal": false,
      "gift_type": "fragrance gifts",
      "key_features": "long lasting",
      "ProductReviewFlag": "1"
    },
    "variants": {
      "colours": [],
      "hasColours": false,
      "hasSizes": false
    },
    "categories": [
      [
        {
          "name": "fragrance",
          "label": "fragrance"
        },
        {
          "name": "gift",
          "label": "gift"
        }
      ],
      [
        {
          "name": "perfume",
          "label": "fragrance > perfume"
        },
        {
          "name": "fragrance gift sets",
          "label": "fragrance > fragrance gift sets"
        },
        {
          "name": "gifts for her",
          "label": "gift > gifts for her"
        },
        {
          "name": "luxury fragrance",
          "label": "fragrance > luxury fragrance"
        },
        {
          "name": "luxury gifts",
          "label": "gift > luxury gifts"
        },
        {
          "name": "all gifts",
          "label": "gift > all gifts"
        }
      ],
      [
        {
          "name": "perfume gift sets",
          "label": "fragrance > perfume > perfume gift sets"
        },
        {
          "name": "all perfumes",
          "label": "fragrance > perfume > all perfumes"
        },
        {
          "name": "perfume gift sets",
          "label": "fragrance > fragrance gift sets > perfume gift sets"
        },
        {
          "name": "all perfumes",
          "label": "gift > gifts for her > all perfumes"
        }
      ]
    ],
    "reviews": {
      "average": 4.53,
      "count": 189,
      "rounded": 4
    },
    "parent": {
      "product": "2850171",
      "partNumber": "10330266.P",
      "model": "10330266",
      "manufacturerModel": "5711673"
    },
    "images": {
      "thumbnail": "https://boots.scene7.com/is/image/Boots/10330266?wid=45&hei=60&op_sharpen=1"
    },
    "offers": [
      {
        "text": "1/2 price on selected fragrance gift sets"
      }
    ],
    "actions": {},
    "iconUri": "https://boots.scene7.com/is/image/Boots/10330266?op_sharpen=1",
    "title": "Calvin Klein Eternity For Her Eau de Parfum 50ml Giftset",
    "referenceUri": "/calvin-klein-eternity-for-her-eau-de-parfum-50ml-giftset-10330266",
    "canAddToBasket": "yes",
    "opticians": false,
    "inStock": false,
    "expressDelivery": false,
    "hasOtherPromotion": true,
    "channelPromotionalTextMap": {
      "-1": [
        "1/2 price on selected fragrance gift sets"
      ],
      "-6": [
        "1/2 price on selected fragrance gift sets"
      ]
    },
    "adCardPoints": 96
  },
  {
    "_id": {
      "$oid": "65ec108d9884656b92f559f0"
    },
    "ppuQuantity": null,
    "pricing": {
      "perUnit": "",
      "regular": {
        "value": 62,
        "currency": "GBP",
        "text": "£62.00"
      },
      "current": {
        "value": 31,
        "currency": "GBP",
        "text": "£31.00"
      },
      "saving": {
        "value": 31,
        "currency": "GBP",
        "text": "£31.00"
      }
    },
    "objectId": "2849603",
    "brand": "Hugo Boss",
    "attributes": {
      "fragrance_scent": "floral",
      "product_type": [
        "body spray",
        "gift set"
      ],
      "StockOverrideMessage": "STOCK_COMING_SOON",
      "gender": "womens",
      "fragrance_type": "eau de parfum",
      "recipient": [
        "secret santa",
        "gifts for women"
      ],
      "hasPriceAdvantageDeal": false,
      "gift_type": "fragrance gifts",
      "key_features": "long lasting",
      "ProductReviewFlag": "1"
    },
    "variants": {
      "colours": [],
      "hasColours": false,
      "hasSizes": false
    },
    "categories": [
      [
        {
          "name": "fragrance",
          "label": "fragrance"
        },
        {
          "name": "gift",
          "label": "gift"
        }
      ],
      [
        {
          "name": "perfume",
          "label": "fragrance > perfume"
        },
        {
          "name": "fragrance gift sets",
          "label": "fragrance > fragrance gift sets"
        },
        {
          "name": "gifts for her",
          "label": "gift > gifts for her"
        },
        {
          "name": "luxury fragrance",
          "label": "fragrance > luxury fragrance"
        },
        {
          "name": "luxury gifts",
          "label": "gift > luxury gifts"
        },
        {
          "name": "all gifts",
          "label": "gift > all gifts"
        }
      ],
      [
        {
          "name": "perfume gift sets",
          "label": "fragrance > perfume > perfume gift sets"
        },
        {
          "name": "all perfumes",
          "label": "fragrance > perfume > all perfumes"
        },
        {
          "name": "perfume gift sets",
          "label": "fragrance > fragrance gift sets > perfume gift sets"
        },
        {
          "name": "all perfumes",
          "label": "gift > gifts for her > all perfumes"
        }
      ]
    ],
    "reviews": {
      "average": 4.51,
      "count": 98,
      "rounded": 4
    },
    "parent": {
      "product": "2849602",
      "partNumber": "10330183.P",
      "model": "10330183",
      "manufacturerModel": "5709385"
    },
    "images": {
      "thumbnail": "https://boots.scene7.com/is/image/Boots/10330183?wid=45&hei=60&op_sharpen=1"
    },
    "offers": [
      {
        "text": "1/2 price on selected fragrance gift sets"
      }
    ],
    "actions": {},
    "iconUri": "https://boots.scene7.com/is/image/Boots/10330183?op_sharpen=1",
    "title": "BOSS The Scent for Her Eau de Parfum 30ml Giftset",
    "referenceUri": "/boss-the-scent-for-her-eau-de-parfum-30ml-giftset-10330183",
    "canAddToBasket": "yes",
    "opticians": false,
    "inStock": false,
    "expressDelivery": false,
    "hasOtherPromotion": true,
    "channelPromotionalTextMap": {
      "-1": [
        "1/2 price on selected fragrance gift sets"
      ],
      "-6": [
        "1/2 price on selected fragrance gift sets"
      ]
    },
    "adCardPoints": 93
  },
  {
    "_id": {
      "$oid": "65ec108d9884656b92f559f1"
    },
    "ppuQuantity": null,
    "pricing": {
      "perUnit": "",
      "regular": {
        "value": 45,
        "currency": "GBP",
        "text": "£45.00"
      },
      "current": {
        "value": 22.5,
        "currency": "GBP",
        "text": "£22.50"
      },
      "saving": {
        "value": 22.5,
        "currency": "GBP",
        "text": "£22.50"
      }
    },
    "objectId": "2852289",
    "brand": "Ariana Grande",
    "attributes": {
      "fragrance_scent": "musk",
      "product_type": "perfume",
      "gender": "womens",
      "StockOverrideMessage": "STOCK_COMING_SOON",
      "recipient": [
        "gifts for women",
        "secret santa"
      ],
      "fragrance_type": "eau de parfum",
      "hasPriceAdvantageDeal": false,
      "gift_type": [
        "stocking fillers",
        "fragrance gifts"
      ],
      "key_features": "cruelty-free",
      "ProductReviewFlag": "1"
    },
    "variants": {
      "colours": [],
      "hasColours": false,
      "hasSizes": false
    },
    "categories": [
      [
        {
          "name": "fragrance",
          "label": "fragrance"
        },
        {
          "name": "gift",
          "label": "gift"
        }
      ],
      [
        {
          "name": "perfume",
          "label": "fragrance > perfume"
        },
        {
          "name": "fragrance gift sets",
          "label": "fragrance > fragrance gift sets"
        },
        {
          "name": "gifts for her",
          "label": "gift > gifts for her"
        },
        {
          "name": "luxury fragrance",
          "label": "fragrance > luxury fragrance"
        },
        {
          "name": "recommended",
          "label": "fragrance > recommended"
        },
        {
          "name": "all baby & kids' clothing",
          "label": "gift > all baby & kids' clothing"
        },
        {
          "name": "luxury gifts",
          "label": "gift > luxury gifts"
        },
        {
          "name": "all gifts",
          "label": "gift > all gifts"
        }
      ],
      [
        {
          "name": "perfume gift sets",
          "label": "fragrance > perfume > perfume gift sets"
        },
        {
          "name": "all perfumes",
          "label": "fragrance > perfume > all perfumes"
        },
        {
          "name": "perfume gift sets",
          "label": "fragrance > fragrance gift sets > perfume gift sets"
        },
        {
          "name": "all perfumes",
          "label": "gift > gifts for her > all perfumes"
        }
      ]
    ],
    "reviews": {
      "average": 4.5,
      "count": 2,
      "rounded": 4
    },
    "parent": {
      "product": "2852288",
      "partNumber": "10330631.P",
      "model": "10330631",
      "manufacturerModel": "5716535"
    },
    "images": {
      "thumbnail": "https://boots.scene7.com/is/image/Boots/10330631?wid=45&hei=60&op_sharpen=1"
    },
    "offers": [
      {
        "text": "1/2 price on selected fragrance gift sets"
      }
    ],
    "actions": {},
    "iconUri": "https://boots.scene7.com/is/image/Boots/10330631?op_sharpen=1",
    "title": "Ariana Grande Cloud 50ml Gift Set ",
    "referenceUri": "/ariana-grande-cloud-50ml-gift-set--10330631",
    "canAddToBasket": "yes",
    "opticians": false,
    "inStock": false,
    "expressDelivery": false,
    "hasOtherPromotion": true,
    "channelPromotionalTextMap": {
      "-1": [
        "1/2 price on selected fragrance gift sets"
      ],
      "-6": [
        "1/2 price on selected fragrance gift sets"
      ]
    },
    "adCardPoints": 66
  },
  {
    "_id": {
      "$oid": "65ec108d9884656b92f559f2"
    },
    "ppuQuantity": null,
    "pricing": {
      "perUnit": "",
      "regular": {
        "value": 120,
        "currency": "GBP",
        "text": "£120.00"
      },
      "current": {
        "value": 60,
        "currency": "GBP",
        "text": "£60.00"
      },
      "saving": {
        "value": 60,
        "currency": "GBP",
        "text": "£60.00"
      }
    },
    "objectId": "2852271",
    "brand": "Burberry",
    "attributes": {
      "fragrance_scent": "woody",
      "product_type": [
        "body spray",
        "gift set"
      ],
      "StockOverrideMessage": "STOCK_COMING_SOON",
      "gender": "mens",
      "recipient": [
        "gifts for men",
        "secret santa"
      ],
      "fragrance_type": "eau de parfum",
      "hasPriceAdvantageDeal": false,
      "gift_type": "fragrance gifts",
      "key_features": "long lasting",
      "ProductReviewFlag": "1"
    },
    "variants": {
      "colours": [],
      "hasColours": false,
      "hasSizes": false
    },
    "categories": [
      [
        {
          "name": "fragrance",
          "label": "fragrance"
        },
        {
          "name": "toiletries",
          "label": "toiletries"
        },
        {
          "name": "men's",
          "label": "men's"
        },
        {
          "name": "gift",
          "label": "gift"
        }
      ],
      [
        {
          "name": "men's toiletries",
          "label": "toiletries > men's toiletries"
        },
        {
          "name": "men's toiletries",
          "label": "men's > men's toiletries"
        },
        {
          "name": "perfume",
          "label": "fragrance > perfume"
        },
        {
          "name": "aftershave",
          "label": "fragrance > aftershave"
        },
        {
          "name": "fragrance gift sets",
          "label": "fragrance > fragrance gift sets"
        },
        {
          "name": "gifts for him",
          "label": "gift > gifts for him"
        },
        {
          "name": "gifts for her",
          "label": "gift > gifts for her"
        },
        {
          "name": "aftershave",
          "label": "men's > aftershave"
        },
        {
          "name": "luxury fragrance",
          "label": "fragrance > luxury fragrance"
        },
        {
          "name": "luxury gifts",
          "label": "gift > luxury gifts"
        },
        {
          "name": "all gifts",
          "label": "gift > all gifts"
        }
      ],
      [
        {
          "name": "aftershave",
          "label": "toiletries > men's toiletries > aftershave"
        },
        {
          "name": "aftershave",
          "label": "men's > men's toiletries > aftershave"
        },
        {
          "name": "all perfumes",
          "label": "fragrance > perfume > all perfumes"
        },
        {
          "name": "all aftershave",
          "label": "fragrance > aftershave > all aftershave"
        },
        {
          "name": "aftershave gift sets",
          "label": "fragrance > aftershave > aftershave gift sets"
        },
        {
          "name": "aftershave gift sets",
          "label": "fragrance > fragrance gift sets > aftershave gift sets"
        },
        {
          "name": "all aftershave",
          "label": "gift > gifts for him > all aftershave"
        },
        {
          "name": "all perfumes",
          "label": "gift > gifts for her > all perfumes"
        },
        {
          "name": "all aftershave",
          "label": "men's > aftershave > all aftershave"
        },
        {
          "name": "aftershave gift sets",
          "label": "men's > aftershave > aftershave gift sets"
        }
      ],
      [
        {
          "name": "all aftershave",
          "label": "toiletries > men's toiletries > aftershave > all aftershave"
        },
        {
          "name": "aftershave gift sets",
          "label": "toiletries > men's toiletries > aftershave > aftershave gift sets"
        },
        {
          "name": "all aftershave",
          "label": "men's > men's toiletries > aftershave > all aftershave"
        },
        {
          "name": "aftershave gift sets",
          "label": "men's > men's toiletries > aftershave > aftershave gift sets"
        }
      ]
    ],
    "reviews": {
      "average": 4.5,
      "count": 2128,
      "rounded": 4
    },
    "parent": {
      "product": "2852270",
      "partNumber": "10330622.P",
      "model": "10330622",
      "manufacturerModel": "5716446"
    },
    "images": {
      "thumbnail": "https://boots.scene7.com/is/image/Boots/10330622?wid=45&hei=60&op_sharpen=1"
    },
    "offers": [
      {
        "text": "1/2 price on selected fragrance gift sets"
      }
    ],
    "actions": {},
    "iconUri": "https://boots.scene7.com/is/image/Boots/10330622?op_sharpen=1",
    "title": "Burberry Hero For Him Eau de Parfum 100ml Giftset",
    "referenceUri": "/burberry-hero-for-him-eau-de-parfum-100ml-giftset-10330622",
    "canAddToBasket": "yes",
    "opticians": false,
    "inStock": false,
    "expressDelivery": false,
    "hasOtherPromotion": true,
    "channelPromotionalTextMap": {
      "-1": [
        "1/2 price on selected fragrance gift sets"
      ],
      "-6": [
        "1/2 price on selected fragrance gift sets"
      ]
    },
    "adCardPoints": 180
  },
  {
    "_id": {
      "$oid": "65ec108d9884656b92f559f3"
    },
    "ppuQuantity": null,
    "pricing": {
      "perUnit": "",
      "regular": {
        "value": 67,
        "currency": "GBP",
        "text": "£67.00"
      },
      "current": {
        "value": 33.5,
        "currency": "GBP",
        "text": "£33.50"
      },
      "saving": {
        "value": 33.5,
        "currency": "GBP",
        "text": "£33.50"
      }
    },
    "objectId": "2849605",
    "brand": "Hugo Boss",
    "attributes": {
      "fragrance_scent": "floral",
      "product_type": [
        "body spray",
        "gift set"
      ],
      "StockOverrideMessage": "STOCK_COMING_SOON",
      "gender": "womens",
      "fragrance_type": "eau de toilette",
      "recipient": [
        "gifts for women",
        "secret santa"
      ],
      "hasPriceAdvantageDeal": false,
      "gift_type": "fragrance gifts",
      "key_features": "long lasting",
      "ProductReviewFlag": "1"
    },
    "variants": {
      "colours": [],
      "hasColours": false,
      "hasSizes": false
    },
    "categories": [
      [
        {
          "name": "fragrance",
          "label": "fragrance"
        },
        {
          "name": "gift",
          "label": "gift"
        }
      ],
      [
        {
          "name": "perfume",
          "label": "fragrance > perfume"
        },
        {
          "name": "fragrance gift sets",
          "label": "fragrance > fragrance gift sets"
        },
        {
          "name": "gifts for her",
          "label": "gift > gifts for her"
        },
        {
          "name": "luxury fragrance",
          "label": "fragrance > luxury fragrance"
        },
        {
          "name": "luxury gifts",
          "label": "gift > luxury gifts"
        },
        {
          "name": "all gifts",
          "label": "gift > all gifts"
        }
      ],
      [
        {
          "name": "perfume gift sets",
          "label": "fragrance > perfume > perfume gift sets"
        },
        {
          "name": "all perfumes",
          "label": "fragrance > perfume > all perfumes"
        },
        {
          "name": "perfume gift sets",
          "label": "fragrance > fragrance gift sets > perfume gift sets"
        },
        {
          "name": "all perfumes",
          "label": "gift > gifts for her > all perfumes"
        }
      ]
    ],
    "reviews": {
      "average": 4.49,
      "count": 51,
      "rounded": 4
    },
    "parent": {
      "product": "2849604",
      "partNumber": "10330184.P",
      "model": "10330184",
      "manufacturerModel": "5709393"
    },
    "images": {
      "thumbnail": "https://boots.scene7.com/is/image/Boots/10330184?wid=45&hei=60&op_sharpen=1"
    },
    "offers": [
      {
        "text": "1/2 price on selected fragrance gift sets"
      }
    ],
    "actions": {},
    "iconUri": "https://boots.scene7.com/is/image/Boots/10330184?op_sharpen=1",
    "title": "BOSS Woman Eau de Toilette 50ml Giftset",
    "referenceUri": "/boss-woman-eau-de-toilette-50ml-giftset-10330184",
    "canAddToBasket": "yes",
    "opticians": false,
    "inStock": false,
    "expressDelivery": false,
    "hasOtherPromotion": true,
    "channelPromotionalTextMap": {
      "-1": [
        "1/2 price on selected fragrance gift sets"
      ],
      "-6": [
        "1/2 price on selected fragrance gift sets"
      ]
    },
    "adCardPoints": 99
  },
  {
    "_id": {
      "$oid": "65ec108d9884656b92f559f4"
    },
    "ppuQuantity": "30ML",
    "pricing": {
      "perUnit": "£157.33 per 100ML",
      "regular": {
        "value": 59,
        "currency": "GBP",
        "text": "£59.00"
      },
      "current": {
        "value": 47.2,
        "currency": "GBP",
        "text": "£47.20"
      },
      "saving": {
        "value": 11.8,
        "currency": "GBP",
        "text": "£11.80"
      }
    },
    "objectId": "2650116",
    "brand": "Chloe",
    "attributes": {
      "fragrance_scent": [
        "vanilla",
        "jasmine"
      ],
      "gender": "womens",
      "size": "21-30",
      "fragrance_type": "eau de parfum",
      "format": "spray",
      "hasPriceAdvantageDeal": false,
      "Reporting_Category": "fragrance",
      "ProductReviewFlag": "1"
    },
    "variants": {
      "colours": [],
      "hasColours": false,
      "hasSizes": false
    },
    "categories": [
      [
        {
          "name": "vegan",
          "label": "vegan"
        },
        {
          "name": "fragrance",
          "label": "fragrance"
        },
        {
          "name": "gift",
          "label": "gift"
        },
        {
          "name": "wellness",
          "label": "wellness"
        }
      ],
      [
        {
          "name": "vegan fragrance",
          "label": "vegan > vegan fragrance"
        },
        {
          "name": "perfume",
          "label": "fragrance > perfume"
        },
        {
          "name": "gifts for her",
          "label": "gift > gifts for her"
        },
        {
          "name": "vegan",
          "label": "wellness > vegan"
        },
        {
          "name": "luxury fragrance",
          "label": "fragrance > luxury fragrance"
        },
        {
          "name": "vegan fragrance",
          "label": "fragrance > vegan fragrance"
        }
      ],
      [
        {
          "name": "all perfumes",
          "label": "fragrance > perfume > all perfumes"
        },
        {
          "name": "vanilla perfume",
          "label": "fragrance > perfume > vanilla perfume"
        },
        {
          "name": "all perfumes",
          "label": "gift > gifts for her > all perfumes"
        },
        {
          "name": "vegan fragrance",
          "label": "wellness > vegan > vegan fragrance"
        }
      ]
    ],
    "reviews": {
      "average": 4.49,
      "count": 45,
      "rounded": 4
    },
    "parent": {
      "product": "2650115",
      "partNumber": "10308153.P",
      "model": "10308153",
      "manufacturerModel": "1105507"
    },
    "images": {
      "thumbnail": "https://boots.scene7.com/is/image/Boots/10308153?wid=45&hei=60&op_sharpen=1"
    },
    "offers": [
      {
        "text": "Save up to 20 percent on selected fragrances"
      }
    ],
    "actions": {},
    "iconUri": "https://boots.scene7.com/is/image/Boots/10308153?op_sharpen=1",
    "title": "Chloé Nomade Eau de Parfum Naturelle 30ml",
    "referenceUri": "/webapp/wcs/stores/servlet/ProductDisplay?errorViewName=ProductDisplayErrorView&storeId=11352&urlLangId=-1&productId=2650115&catalogId=28501&langId=-1",
    "canAddToBasket": "yes",
    "opticians": false,
    "inStock": false,
    "expressDelivery": false,
    "hasOtherPromotion": true,
    "channelPromotionalTextMap": {
      "-1": [
        "Save up to 20 percent on selected fragrances"
      ],
      "-6": [
        "Save up to 20 percent on selected fragrances"
      ]
    },
    "adCardPoints": 141
  },
  {
    "_id": {
      "$oid": "65ec108d9884656b92f559f5"
    },
    "ppuQuantity": null,
    "pricing": {
      "perUnit": "",
      "regular": {
        "value": 121,
        "currency": "GBP",
        "text": "£121.00"
      },
      "current": {
        "value": 60.5,
        "currency": "GBP",
        "text": "£60.50"
      },
      "saving": {
        "value": 60.5,
        "currency": "GBP",
        "text": "£60.50"
      }
    },
    "objectId": "2850154",
    "brand": "Tiffany",
    "attributes": {
      "product_type": [
        "perfume",
        "body lotion"
      ],
      "StockOverrideMessage": "STOCK_COMING_SOON",
      "gender": "womens",
      "fragrance_type": "eau de parfum",
      "recipient": [
        "gifts for women",
        "secret santa"
      ],
      "hasPriceAdvantageDeal": false,
      "gift_type": [
        "fragrance gifts",
        "stocking fillers",
        "fragrance gift sets"
      ],
      "key_features": "long lasting",
      "ProductReviewFlag": "1"
    },
    "variants": {
      "colours": [],
      "hasColours": false,
      "hasSizes": false
    },
    "categories": [
      [
        {
          "name": "fragrance",
          "label": "fragrance"
        },
        {
          "name": "gift",
          "label": "gift"
        }
      ],
      [
        {
          "name": "perfume",
          "label": "fragrance > perfume"
        },
        {
          "name": "gifts for her",
          "label": "gift > gifts for her"
        },
        {
          "name": "fragrance gift sets",
          "label": "fragrance > fragrance gift sets"
        },
        {
          "name": "luxury fragrance",
          "label": "fragrance > luxury fragrance"
        },
        {
          "name": "luxury gifts",
          "label": "gift > luxury gifts"
        },
        {
          "name": "all gifts",
          "label": "gift > all gifts"
        }
      ],
      [
        {
          "name": "all perfumes",
          "label": "fragrance > perfume > all perfumes"
        },
        {
          "name": "all perfumes",
          "label": "gift > gifts for her > all perfumes"
        }
      ]
    ],
    "reviews": {
      "average": 4.45,
      "count": 1108,
      "rounded": 4
    },
    "parent": {
      "product": "2850153",
      "partNumber": "10330257.P",
      "model": "10330257",
      "manufacturerModel": "5711584"
    },
    "images": {
      "thumbnail": "https://boots.scene7.com/is/image/Boots/10330257?wid=45&hei=60&op_sharpen=1"
    },
    "offers": [
      {
        "text": "1/2 price on selected fragrance gift sets"
      }
    ],
    "actions": {},
    "iconUri": "https://boots.scene7.com/is/image/Boots/10330257?op_sharpen=1",
    "title": "Tiffany & Co. Rose Gold For Women Eau de Parfum 75ml Giftset",
    "referenceUri": "/tiffany-and-co-rose-gold-for-women-eau-de-parfum-75ml-giftset-10330257",
    "canAddToBasket": "yes",
    "opticians": false,
    "inStock": false,
    "expressDelivery": false,
    "hasOtherPromotion": true,
    "channelPromotionalTextMap": {
      "-1": [
        "1/2 price on selected fragrance gift sets"
      ],
      "-6": [
        "1/2 price on selected fragrance gift sets"
      ]
    },
    "adCardPoints": 180
  },
  {
    "_id": {
      "$oid": "65ec108d9884656b92f559f6"
    },
    "ppuQuantity": "20ML",
    "pricing": {
      "perUnit": "£208.25 per 100ML",
      "regular": {
        "value": 49,
        "currency": "GBP",
        "text": "£49.00"
      },
      "current": {
        "value": 41.65,
        "currency": "GBP",
        "text": "£41.65"
      },
      "saving": {
        "value": 7.35,
        "currency": "GBP",
        "text": "£7.35"
      }
    },
    "objectId": "2249980",
    "brand": "Christian Dior",
    "attributes": {
      "fragrance_scent": [
        "floral",
        "jasmine",
        "fruity"
      ],
      "gender": "womens",
      "StockOverrideMessage": "STOCK_COMING_SOON",
      "size": "11-20",
      "fragrance_type": "eau de parfum",
      "hasPriceAdvantageDeal": false,
      "Reporting_Category": "fragrance",
      "ProductReviewFlag": "1"
    },
    "variants": {
      "colours": [],
      "hasColours": false,
      "hasSizes": false
    },
    "categories": [
      [
        {
          "name": "fragrance",
          "label": "fragrance"
        },
        {
          "name": "gift",
          "label": "gift"
        }
      ],
      [
        {
          "name": "5* rated perfumes & aftershaves",
          "label": "fragrance > 5* rated perfumes & aftershaves"
        },
        {
          "name": "perfume",
          "label": "fragrance > perfume"
        },
        {
          "name": "fragrance offers",
          "label": "fragrance > fragrance offers"
        },
        {
          "name": "gifts for her",
          "label": "gift > gifts for her"
        }
      ],
      [
        {
          "name": "all perfumes",
          "label": "fragrance > perfume > all perfumes"
        },
        {
          "name": "floral perfume",
          "label": "fragrance > perfume > floral perfume"
        },
        {
          "name": "Save 15% on 100s of fragrances",
          "label": "fragrance > fragrance offers > Save 15% on 100s of fragrances"
        },
        {
          "name": "all perfumes",
          "label": "gift > gifts for her > all perfumes"
        }
      ]
    ],
    "reviews": {
      "average": 4.44,
      "count": 711,
      "rounded": 4
    },
    "parent": {
      "product": "2249979",
      "partNumber": "10262542.P",
      "model": "10262542",
      "manufacturerModel": "8469652"
    },
    "images": {
      "thumbnail": "https://boots.scene7.com/is/image/Boots/10262542?wid=45&hei=60&op_sharpen=1"
    },
    "offers": [
      {
        "text": "Save up to 20 percent on selected fragrances"
      }
    ],
    "actions": {},
    "iconUri": "https://boots.scene7.com/is/image/Boots/10262542?op_sharpen=1",
    "title": "DIOR J'adore Eau de Parfum Roller-Pearl 20ml",
    "referenceUri": "/dior-jadore-eau-de-parfum-roller-pearl-20ml-10262542",
    "canAddToBasket": "yes",
    "opticians": false,
    "inStock": false,
    "expressDelivery": false,
    "hasOtherPromotion": true,
    "channelPromotionalTextMap": {
      "-1": [
        "Save up to 20 percent on selected fragrances"
      ],
      "-6": [
        "Save up to 20 percent on selected fragrances"
      ]
    },
    "adCardPoints": 123
  },
  {
    "_id": {
      "$oid": "65ec108d9884656b92f559f7"
    },
    "ppuQuantity": null,
    "pricing": {
      "perUnit": "",
      "regular": {
        "value": 67,
        "currency": "GBP",
        "text": "£67.00"
      },
      "current": {
        "value": 17.08,
        "currency": "GBP",
        "text": "£17.08"
      },
      "saving": {
        "value": 49.92,
        "currency": "GBP",
        "text": "£49.92"
      }
    },
    "objectId": "2851138",
    "brand": "Britney Spears",
    "attributes": {
      "fragrance_scent": [
        "floral",
        "woody",
        "musk",
        "jasmine",
        "amber",
        "vanilla"
      ],
      "product_type": [
        "gift set",
        "perfume",
        "gift box"
      ],
      "gender": "womens",
      "StockOverrideMessage": "STOCK_COMING_SOON",
      "recipient": [
        "gifts for women",
        "secret santa",
        "gifts for teens"
      ],
      "fragrance_type": "eau de parfum",
      "hasPriceAdvantageDeal": false,
      "gift_type": [
        "star gifts",
        "fragrance gifts"
      ],
      "ProductReviewFlag": "1"
    },
    "variants": {
      "colours": [],
      "hasColours": false,
      "hasSizes": false
    },
    "categories": [
      [
        {
          "name": "fragrance",
          "label": "fragrance"
        },
        {
          "name": "gift",
          "label": "gift"
        }
      ],
      [
        {
          "name": "perfume",
          "label": "fragrance > perfume"
        },
        {
          "name": "fragrance gift sets",
          "label": "fragrance > fragrance gift sets"
        },
        {
          "name": "fragrance offers",
          "label": "fragrance > fragrance offers"
        },
        {
          "name": "gifts for her",
          "label": "gift > gifts for her"
        },
        {
          "name": "luxury fragrance",
          "label": "fragrance > luxury fragrance"
        },
        {
          "name": "luxury gifts",
          "label": "gift > luxury gifts"
        },
        {
          "name": "all gifts",
          "label": "gift > all gifts"
        }
      ],
      [
        {
          "name": "perfume gift sets",
          "label": "fragrance > perfume > perfume gift sets"
        },
        {
          "name": "all perfumes",
          "label": "fragrance > perfume > all perfumes"
        },
        {
          "name": "perfume gift sets",
          "label": "fragrance > fragrance gift sets > perfume gift sets"
        },
        {
          "name": "save up to half price",
          "label": "fragrance > fragrance offers > save up to half price"
        },
        {
          "name": "all perfumes",
          "label": "gift > gifts for her > all perfumes"
        }
      ]
    ],
    "reviews": {
      "average": 4.4,
      "count": 5,
      "rounded": 4
    },
    "parent": {
      "product": "2851137",
      "partNumber": "10330299.P",
      "model": "10330299",
      "manufacturerModel": "5712556"
    },
    "images": {
      "thumbnail": "https://boots.scene7.com/is/image/Boots/10330299?wid=45&hei=60&op_sharpen=1"
    },
    "offers": [
      {
        "text": "Save 15 percent on selected fragrance"
      },
      {
        "text": "Better than 1/2 price on selected fragrance gift sets"
      }
    ],
    "actions": {},
    "iconUri": "https://boots.scene7.com/is/image/Boots/10330299?op_sharpen=1",
    "title": "Britney Spears Fantasy 50ml & Midnight 50ml Eau De Parfum Duo 50ml Gift Set",
    "referenceUri": "/britney-spears-fantasy-50ml-midnight-50ml-edp-duo-gift-set-10330299",
    "canAddToBasket": "yes",
    "opticians": false,
    "inStock": false,
    "expressDelivery": false,
    "hasOtherPromotion": true,
    "channelPromotionalTextMap": {
      "-1": [
        "Save 15 percent on selected fragrance",
        "Better than 1/2 price on selected fragrance gift sets"
      ],
      "-6": [
        "Save 15 percent on selected fragrance",
        "Better than 1/2 price on selected fragrance gift sets"
      ]
    },
    "adCardPoints": 51
  },
  {
    "_id": {
      "$oid": "65ec108d9884656b92f559f8"
    },
    "ppuQuantity": "100ML",
    "pricing": {
      "perUnit": "£69.70 per 100ML",
      "regular": {
        "value": 82,
        "currency": "GBP",
        "text": "£82.00"
      },
      "current": {
        "value": 69.7,
        "currency": "GBP",
        "text": "£69.70"
      },
      "saving": {
        "value": 12.3,
        "currency": "GBP",
        "text": "£12.30"
      }
    },
    "objectId": "2928107",
    "brand": "Diesel",
    "attributes": {
      "product_type": "body spray",
      "size": "71-100",
      "gender": "mens",
      "StockOverrideMessage": "STOCK_COMING_SOON",
      "format": "spray",
      "fragrance_type": "eau de parfum",
      "hasPriceAdvantageDeal": false,
      "ProductReviewFlag": "1"
    },
    "variants": {
      "colours": [],
      "hasColours": false,
      "hasSizes": false
    },
    "categories": [
      [
        {
          "name": "new in",
          "label": "new in"
        },
        {
          "name": "toiletries",
          "label": "toiletries"
        },
        {
          "name": "men's",
          "label": "men's"
        },
        {
          "name": "fragrance",
          "label": "fragrance"
        },
        {
          "name": "gift",
          "label": "gift"
        }
      ],
      [
        {
          "name": "new in fragrance",
          "label": "new in > new in fragrance"
        },
        {
          "name": "men's toiletries",
          "label": "toiletries > men's toiletries"
        },
        {
          "name": "men's toiletries",
          "label": "men's > men's toiletries"
        },
        {
          "name": "perfume",
          "label": "fragrance > perfume"
        },
        {
          "name": "aftershave",
          "label": "fragrance > aftershave"
        },
        {
          "name": "gifts for him",
          "label": "gift > gifts for him"
        },
        {
          "name": "gifts for her",
          "label": "gift > gifts for her"
        },
        {
          "name": "aftershave",
          "label": "men's > aftershave"
        },
        {
          "name": "luxury fragrance",
          "label": "fragrance > luxury fragrance"
        },
        {
          "name": "new in fragrance",
          "label": "fragrance > new in fragrance"
        }
      ],
      [
        {
          "name": "aftershave",
          "label": "toiletries > men's toiletries > aftershave"
        },
        {
          "name": "aftershave",
          "label": "men's > men's toiletries > aftershave"
        },
        {
          "name": "all perfumes",
          "label": "fragrance > perfume > all perfumes"
        },
        {
          "name": "all aftershave",
          "label": "fragrance > aftershave > all aftershave"
        },
        {
          "name": "all aftershave",
          "label": "gift > gifts for him > all aftershave"
        },
        {
          "name": "all perfumes",
          "label": "gift > gifts for her > all perfumes"
        },
        {
          "name": "all aftershave",
          "label": "men's > aftershave > all aftershave"
        }
      ],
      [
        {
          "name": "all aftershave",
          "label": "toiletries > men's toiletries > aftershave > all aftershave"
        },
        {
          "name": "all aftershave",
          "label": "men's > men's toiletries > aftershave > all aftershave"
        }
      ]
    ],
    "reviews": {
      "average": 4.36,
      "count": 278,
      "rounded": 4
    },
    "parent": {
      "product": "2928106",
      "partNumber": "10339505.P",
      "model": "10339505",
      "manufacturerModel": "2150166"
    },
    "images": {
      "thumbnail": "https://boots.scene7.com/is/image/Boots/10339505?wid=45&hei=60&op_sharpen=1"
    },
    "offers": [
      {
        "text": "Free gift when you buy selected Diesel fragrance - online only, whilst stocks last"
      },
      {
        "text": "Save up to 20 percent on selected fragrances"
      }
    ],
    "actions": {},
    "iconUri": "https://boots.scene7.com/is/image/Boots/10339505?op_sharpen=1",
    "title": "Diesel D Red Eau de Parfum 100ml",
    "referenceUri": "/diesel-d-red-eau-de-parfum-100ml-10339505",
    "canAddToBasket": "yes",
    "opticians": false,
    "inStock": false,
    "expressDelivery": false,
    "hasOtherPromotion": true,
    "channelPromotionalTextMap": {
      "-1": [
        "Free gift when you buy selected Diesel fragrance - online only, whilst stocks last",
        "Save up to 20 percent on selected fragrances"
      ],
      "-6": [
        "Free gift when you buy selected Diesel fragrance - online only, whilst stocks last",
        "Save up to 20 percent on selected fragrances"
      ]
    },
    "adCardPoints": 207
  },
  {
    "_id": {
      "$oid": "65ec108d9884656b92f559f9"
    },
    "ppuQuantity": "100ML",
    "pricing": {
      "perUnit": "£80.25 per 100ML",
      "regular": {
        "value": 107,
        "currency": "GBP",
        "text": "£107.00"
      },
      "current": {
        "value": 80.25,
        "currency": "GBP",
        "text": "£80.25"
      },
      "saving": {
        "value": 26.75,
        "currency": "GBP",
        "text": "£26.75"
      }
    },
    "objectId": "2631704",
    "brand": "Kayali",
    "attributes": {
      "fragrance_scent": "vanilla",
      "StockOverrideMessage": "STOCK_COMING_SOON",
      "size": "71-100",
      "fragrance_type": "eau de parfum",
      "hasPriceAdvantageDeal": false,
      "Reporting_Category": "fragrance",
      "ProductReviewFlag": "1"
    },
    "variants": {
      "colours": [],
      "hasColours": false,
      "hasSizes": false
    },
    "categories": [
      [
        {
          "name": "fragrance",
          "label": "fragrance"
        },
        {
          "name": "beauty & skincare",
          "label": "beauty & skincare"
        },
        {
          "name": "gift",
          "label": "gift"
        }
      ],
      [
        {
          "name": "5* rated perfumes & aftershaves",
          "label": "fragrance > 5* rated perfumes & aftershaves"
        },
        {
          "name": "premium beauty & skincare",
          "label": "beauty & skincare > premium beauty & skincare"
        },
        {
          "name": "perfume",
          "label": "fragrance > perfume"
        },
        {
          "name": "gifts for her",
          "label": "gift > gifts for her"
        }
      ],
      [
        {
          "name": "save up to 25% across selected premium beauty and No7",
          "label": "beauty & skincare > premium beauty & skincare > save up to 25% across selected premium beauty and No7"
        },
        {
          "name": "all perfumes",
          "label": "fragrance > perfume > all perfumes"
        },
        {
          "name": "vanilla perfume",
          "label": "fragrance > perfume > vanilla perfume"
        },
        {
          "name": "all perfumes",
          "label": "gift > gifts for her > all perfumes"
        }
      ]
    ],
    "reviews": {
      "average": 4.36,
      "count": 28,
      "rounded": 4
    },
    "parent": {
      "product": "2631703",
      "partNumber": "10305709.P",
      "model": "10305709",
      "manufacturerModel": "8989818"
    },
    "images": {
      "thumbnail": "https://boots.scene7.com/is/image/Boots/10305709?wid=45&hei=60&op_sharpen=1"
    },
    "offers": [
      {
        "text": "Save up to 25 percent across selected Premium Beauty"
      }
    ],
    "actions": {},
    "iconUri": "https://boots.scene7.com/is/image/Boots/10305709?op_sharpen=1",
    "title": "Kayali Utopia Vanilla Coco 21 Eau de Parfum Intense 100ml",
    "referenceUri": "/kayali-utopia-vanilla-coco--21-eau-de-parfum-intense-100ml-10305709",
    "canAddToBasket": "yes",
    "opticians": false,
    "inStock": false,
    "expressDelivery": false,
    "hasOtherPromotion": true,
    "channelPromotionalTextMap": {
      "-1": [
        "Save up to 25 percent across selected Premium Beauty"
      ],
      "-6": [
        "Save up to 25 percent across selected Premium Beauty"
      ]
    },
    "adCardPoints": 240
  },
  {
    "_id": {
      "$oid": "65ec108d9884656b92f559fa"
    },
    "ppuQuantity": "50ML",
    "pricing": {
      "perUnit": "£118.50 per 100ML",
      "regular": {
        "value": 79,
        "currency": "GBP",
        "text": "£79.00"
      },
      "current": {
        "value": 59.25,
        "currency": "GBP",
        "text": "£59.25"
      },
      "saving": {
        "value": 19.75,
        "currency": "GBP",
        "text": "£19.75"
      }
    },
    "objectId": "2552454",
    "brand": "Kayali",
    "attributes": {
      "fragrance_scent": "vanilla",
      "size": "41-50",
      "gender": "womens",
      "StockOverrideMessage": "STOCK_COMING_SOON",
      "fragrance_type": "eau de parfum",
      "hasPriceAdvantageDeal": false,
      "Reporting_Category": "fragrance",
      "ProductReviewFlag": "1"
    },
    "variants": {
      "colours": [],
      "hasColours": false,
      "hasSizes": false
    },
    "categories": [
      [
        {
          "name": "fragrance",
          "label": "fragrance"
        },
        {
          "name": "beauty & skincare",
          "label": "beauty & skincare"
        },
        {
          "name": "gift",
          "label": "gift"
        }
      ],
      [
        {
          "name": "perfume",
          "label": "fragrance > perfume"
        },
        {
          "name": "premium beauty & skincare",
          "label": "beauty & skincare > premium beauty & skincare"
        },
        {
          "name": "gifts for her",
          "label": "gift > gifts for her"
        }
      ],
      [
        {
          "name": "save up to 25% across selected premium beauty and No7",
          "label": "beauty & skincare > premium beauty & skincare > save up to 25% across selected premium beauty and No7"
        },
        {
          "name": "all perfumes",
          "label": "fragrance > perfume > all perfumes"
        },
        {
          "name": "vanilla perfume",
          "label": "fragrance > perfume > vanilla perfume"
        },
        {
          "name": "all perfumes",
          "label": "gift > gifts for her > all perfumes"
        }
      ]
    ],
    "reviews": {
      "average": 4.36,
      "count": 28,
      "rounded": 4
    },
    "parent": {
      "product": "2552453",
      "partNumber": "10296722.P",
      "model": "10296722",
      "manufacturerModel": "4517008"
    },
    "images": {
      "thumbnail": "https://boots.scene7.com/is/image/Boots/10296722?wid=45&hei=60&op_sharpen=1"
    },
    "offers": [
      {
        "text": "Save up to 25 percent across selected Premium Beauty"
      }
    ],
    "actions": {},
    "iconUri": "https://boots.scene7.com/is/image/Boots/10296722?op_sharpen=1",
    "title": "Kayali Utopia Vanilla Coco Eau De Parfum Intense 50ml",
    "referenceUri": "/kayali-utopia-vanilla-coco-eau-de-parfum-intense-50ml-10296722",
    "canAddToBasket": "yes",
    "opticians": false,
    "inStock": false,
    "expressDelivery": false,
    "hasOtherPromotion": true,
    "channelPromotionalTextMap": {
      "-1": [
        "Save up to 25 percent across selected Premium Beauty"
      ],
      "-6": [
        "Save up to 25 percent across selected Premium Beauty"
      ]
    },
    "adCardPoints": 177
  },
  {
    "_id": {
      "$oid": "65ec108d9884656b92f559fb"
    },
    "ppuQuantity": "100ML",
    "pricing": {
      "perUnit": "£80.25 per 100ML",
      "regular": {
        "value": 107,
        "currency": "GBP",
        "text": "£107.00"
      },
      "current": {
        "value": 80.25,
        "currency": "GBP",
        "text": "£80.25"
      },
      "saving": {
        "value": 26.75,
        "currency": "GBP",
        "text": "£26.75"
      }
    },
    "objectId": "2631700",
    "brand": "Kayali",
    "attributes": {
      "fragrance_scent": "woody",
      "size": "71-100",
      "StockOverrideMessage": "STOCK_COMING_SOON",
      "fragrance_type": "eau de parfum",
      "hasPriceAdvantageDeal": false,
      "Reporting_Category": "fragrance",
      "ProductReviewFlag": "1"
    },
    "variants": {
      "colours": [],
      "hasColours": false,
      "hasSizes": false
    },
    "categories": [
      [
        {
          "name": "fragrance",
          "label": "fragrance"
        },
        {
          "name": "beauty & skincare",
          "label": "beauty & skincare"
        },
        {
          "name": "gift",
          "label": "gift"
        }
      ],
      [
        {
          "name": "perfume",
          "label": "fragrance > perfume"
        },
        {
          "name": "premium beauty & skincare",
          "label": "beauty & skincare > premium beauty & skincare"
        },
        {
          "name": "gifts for her",
          "label": "gift > gifts for her"
        }
      ],
      [
        {
          "name": "save up to 25% across selected premium beauty and No7",
          "label": "beauty & skincare > premium beauty & skincare > save up to 25% across selected premium beauty and No7"
        },
        {
          "name": "all perfumes",
          "label": "fragrance > perfume > all perfumes"
        },
        {
          "name": "all perfumes",
          "label": "gift > gifts for her > all perfumes"
        }
      ]
    ],
    "reviews": {
      "average": 4.16,
      "count": 32,
      "rounded": 4
    },
    "parent": {
      "product": "2631699",
      "partNumber": "10305707.P",
      "model": "10305707",
      "manufacturerModel": "8989788"
    },
    "images": {
      "thumbnail": "https://boots.scene7.com/is/image/Boots/10305707?wid=45&hei=60&op_sharpen=1"
    },
    "offers": [
      {
        "text": "Save up to 25 percent across selected Premium Beauty"
      }
    ],
    "actions": {},
    "iconUri": "https://boots.scene7.com/is/image/Boots/10305707?op_sharpen=1",
    "title": "Kayali Invite Only Amber 23 Eau De Parfum Intense 100ml",
    "referenceUri": "/kayali-invite-only-amber--23-eau-de-parfum-intense-100ml-10305707",
    "canAddToBasket": "yes",
    "opticians": false,
    "inStock": false,
    "expressDelivery": false,
    "hasOtherPromotion": true,
    "channelPromotionalTextMap": {
      "-1": [
        "Save up to 25 percent across selected Premium Beauty"
      ],
      "-6": [
        "Save up to 25 percent across selected Premium Beauty"
      ]
    },
    "adCardPoints": 240
  },
  {
    "_id": {
      "$oid": "65ec108d9884656b92f559fc"
    },
    "ppuQuantity": "100ML",
    "pricing": {
      "perUnit": "£73.50 per 100ML",
      "regular": {
        "value": 98,
        "currency": "GBP",
        "text": "£98.00"
      },
      "current": {
        "value": 73.5,
        "currency": "GBP",
        "text": "£73.50"
      },
      "saving": {
        "value": 24.5,
        "currency": "GBP",
        "text": "£24.50"
      }
    },
    "objectId": "2631708",
    "brand": "Kayali",
    "attributes": {
      "fragrance_scent": "floral",
      "size": "71-100",
      "StockOverrideMessage": "STOCK_COMING_SOON",
      "fragrance_type": "eau de parfum",
      "hasPriceAdvantageDeal": false,
      "Reporting_Category": "fragrance",
      "ProductReviewFlag": "1"
    },
    "variants": {
      "colours": [],
      "hasColours": false,
      "hasSizes": false
    },
    "categories": [
      [
        {
          "name": "fragrance",
          "label": "fragrance"
        },
        {
          "name": "gift",
          "label": "gift"
        }
      ],
      [
        {
          "name": "perfume",
          "label": "fragrance > perfume"
        },
        {
          "name": "gifts for her",
          "label": "gift > gifts for her"
        }
      ],
      [
        {
          "name": "all perfumes",
          "label": "fragrance > perfume > all perfumes"
        },
        {
          "name": "floral perfume",
          "label": "fragrance > perfume > floral perfume"
        },
        {
          "name": "all perfumes",
          "label": "gift > gifts for her > all perfumes"
        }
      ]
    ],
    "reviews": {
      "average": 4.14,
      "count": 37,
      "rounded": 4
    },
    "parent": {
      "product": "2631707",
      "partNumber": "10305711.P",
      "model": "10305711",
      "manufacturerModel": "8989834"
    },
    "images": {
      "thumbnail": "https://boots.scene7.com/is/image/Boots/10305711?wid=45&hei=60&op_sharpen=1"
    },
    "offers": [
      {
        "text": "Save up to 25 percent across selected Premium Beauty"
      }
    ],
    "actions": {},
    "iconUri": "https://boots.scene7.com/is/image/Boots/10305711?op_sharpen=1",
    "title": "Kayali Déjà vu White Flower 57 Eau de Parfum 100ml",
    "referenceUri": "/kayali-deja-vu-white-flower--57-eau-de-parfum-100ml-10305711",
    "canAddToBasket": "yes",
    "opticians": false,
    "inStock": false,
    "expressDelivery": false,
    "hasOtherPromotion": true,
    "channelPromotionalTextMap": {
      "-1": [
        "Save up to 25 percent across selected Premium Beauty"
      ],
      "-6": [
        "Save up to 25 percent across selected Premium Beauty"
      ]
    },
    "adCardPoints": 219
  },
  {
    "_id": {
      "$oid": "65ec108d9884656b92f559fd"
    },
    "ppuQuantity": null,
    "pricing": {
      "perUnit": "",
      "regular": {
        "value": 96,
        "currency": "GBP",
        "text": "£96.00"
      },
      "current": {
        "value": 40.8,
        "currency": "GBP",
        "text": "£40.80"
      },
      "saving": {
        "value": 55.2,
        "currency": "GBP",
        "text": "£55.20"
      }
    },
    "objectId": "2932165",
    "brand": "Mugler",
    "attributes": {
      "product_type": "perfume",
      "StockOverrideMessage": "STOCK_COMING_SOON",
      "gender": "womens",
      "gift_set": "yes",
      "fragrance_type": "parfum",
      "hasPriceAdvantageDeal": false,
      "gift_type": "fragrance gift sets",
      "ProductReviewFlag": "1"
    },
    "variants": {
      "colours": [],
      "hasColours": false,
      "hasSizes": false
    },
    "categories": [
      [
        {
          "name": "fragrance",
          "label": "fragrance"
        },
        {
          "name": "gift",
          "label": "gift"
        }
      ],
      [
        {
          "name": "perfume",
          "label": "fragrance > perfume"
        },
        {
          "name": "fragrance gift sets",
          "label": "fragrance > fragrance gift sets"
        },
        {
          "name": "gifts for her",
          "label": "gift > gifts for her"
        },
        {
          "name": "all gifts",
          "label": "gift > all gifts"
        }
      ],
      [
        {
          "name": "perfume gift sets",
          "label": "fragrance > perfume > perfume gift sets"
        },
        {
          "name": "all perfumes",
          "label": "fragrance > perfume > all perfumes"
        },
        {
          "name": "perfume gift sets",
          "label": "fragrance > fragrance gift sets > perfume gift sets"
        },
        {
          "name": "all perfumes",
          "label": "gift > gifts for her > all perfumes"
        }
      ]
    ],
    "reviews": {
      "average": 4,
      "count": 4,
      "rounded": 4
    },
    "parent": {
      "product": "2932164",
      "partNumber": "10340057.P",
      "model": "10340057",
      "manufacturerModel": "2270064"
    },
    "images": {
      "thumbnail": "https://boots.scene7.com/is/image/Boots/10340057?wid=45&hei=60&op_sharpen=1"
    },
    "offers": [
      {
        "text": "Save 15 percent on selected fragrance"
      },
      {
        "text": "1/2 price on selected fragrance gift sets"
      }
    ],
    "actions": {},
    "iconUri": "https://boots.scene7.com/is/image/Boots/10340057?op_sharpen=1",
    "title": "Mugler Angel Eau de Parfum 60ml + 10ml Gift Set",
    "referenceUri": "/mugler-angel-eau-de-parfum-60ml-10ml-gift-set-10340057",
    "canAddToBasket": "yes",
    "opticians": false,
    "inStock": false,
    "expressDelivery": false,
    "hasOtherPromotion": true,
    "channelPromotionalTextMap": {
      "-1": [
        "Save 15 percent on selected fragrance",
        "1/2 price on selected fragrance gift sets"
      ],
      "-6": [
        "Save 15 percent on selected fragrance",
        "1/2 price on selected fragrance gift sets"
      ]
    },
    "adCardPoints": 120
  },
  {
    "_id": {
      "$oid": "65ec108d9884656b92f559fe"
    },
    "ppuQuantity": null,
    "pricing": {
      "perUnit": "",
      "regular": {
        "value": 55,
        "currency": "GBP",
        "text": "£55.00"
      },
      "current": {
        "value": 23.37,
        "currency": "GBP",
        "text": "£23.37"
      },
      "saving": {
        "value": 31.63,
        "currency": "GBP",
        "text": "£31.63"
      }
    },
    "objectId": "2851136",
    "brand": "Juicy Couture",
    "attributes": {
      "fragrance_scent": [
        "fruity",
        "jasmine",
        "amber",
        "vanilla"
      ],
      "product_type": [
        "gift set",
        "perfume"
      ],
      "gender": "womens",
      "StockOverrideMessage": "STOCK_COMING_SOON",
      "fragrance_type": "eau de parfum",
      "recipient": [
        "secret santa",
        "gifts for teens",
        "gifts for women"
      ],
      "hasPriceAdvantageDeal": false,
      "gift_type": "fragrance gifts",
      "ProductReviewFlag": "1"
    },
    "variants": {
      "colours": [],
      "hasColours": false,
      "hasSizes": false
    },
    "categories": [
      [
        {
          "name": "fragrance",
          "label": "fragrance"
        },
        {
          "name": "gift",
          "label": "gift"
        }
      ],
      [
        {
          "name": "perfume",
          "label": "fragrance > perfume"
        },
        {
          "name": "fragrance gift sets",
          "label": "fragrance > fragrance gift sets"
        },
        {
          "name": "gifts for her",
          "label": "gift > gifts for her"
        },
        {
          "name": "luxury fragrance",
          "label": "fragrance > luxury fragrance"
        },
        {
          "name": "luxury gifts",
          "label": "gift > luxury gifts"
        },
        {
          "name": "all gifts",
          "label": "gift > all gifts"
        }
      ],
      [
        {
          "name": "perfume gift sets",
          "label": "fragrance > perfume > perfume gift sets"
        },
        {
          "name": "all perfumes",
          "label": "fragrance > perfume > all perfumes"
        },
        {
          "name": "perfume gift sets",
          "label": "fragrance > fragrance gift sets > perfume gift sets"
        },
        {
          "name": "all perfumes",
          "label": "gift > gifts for her > all perfumes"
        }
      ]
    ],
    "reviews": {
      "average": 4,
      "count": 1,
      "rounded": 4
    },
    "parent": {
      "product": "2851135",
      "partNumber": "10330298.P",
      "model": "10330298",
      "manufacturerModel": "5712548"
    },
    "images": {
      "thumbnail": "https://boots.scene7.com/is/image/Boots/10330298?wid=45&hei=60&op_sharpen=1"
    },
    "offers": [
      {
        "text": "Save 15 percent on selected fragrance"
      },
      {
        "text": "1/2 price on selected fragrance gift sets"
      }
    ],
    "actions": {},
    "iconUri": "https://boots.scene7.com/is/image/Boots/10330298?op_sharpen=1",
    "title": "Juicy Couture Viva La Juicy Eau De Parfum 50ml with Cosmetic Bag Gift Set",
    "referenceUri": "/juicy-couture-viva-la-juicy-edp-50ml-with-cosmetic-bag-gift-set-10330298",
    "canAddToBasket": "yes",
    "opticians": false,
    "inStock": false,
    "expressDelivery": false,
    "hasOtherPromotion": true,
    "channelPromotionalTextMap": {
      "-1": [
        "Save 15 percent on selected fragrance",
        "1/2 price on selected fragrance gift sets"
      ],
      "-6": [
        "Save 15 percent on selected fragrance",
        "1/2 price on selected fragrance gift sets"
      ]
    },
    "adCardPoints": 69
  },
  {
    "_id": {
      "$oid": "65ec108d9884656b92f559ff"
    },
    "ppuQuantity": null,
    "pricing": {
      "perUnit": "",
      "regular": {
        "value": 5.99,
        "currency": "GBP",
        "text": "£5.99"
      },
      "current": {
        "value": 1.8,
        "currency": "GBP",
        "text": "£1.80"
      },
      "saving": {
        "value": 4.19,
        "currency": "GBP",
        "text": "£4.19"
      }
    },
    "objectId": "2813597",
    "brand": "Escentuals",
    "attributes": {
      "product_type": "gift set",
      "gender": "womens",
      "StockOverrideMessage": "STOCK_COMING_SOON",
      "recipient": "gifts for women",
      "hasPriceAdvantageDeal": false,
      "gift_type": [
        "fragrance gift sets",
        "fragrance gifts"
      ],
      "ProductReviewFlag": "1"
    },
    "variants": {
      "colours": [],
      "hasColours": false,
      "hasSizes": false
    },
    "categories": [
      [
        {
          "name": "fragrance",
          "label": "fragrance"
        },
        {
          "name": "gift",
          "label": "gift"
        }
      ],
      [
        {
          "name": "perfume",
          "label": "fragrance > perfume"
        },
        {
          "name": "gifts for her",
          "label": "gift > gifts for her"
        },
        {
          "name": "fragrance gift sets",
          "label": "fragrance > fragrance gift sets"
        },
        {
          "name": "luxury fragrance",
          "label": "fragrance > luxury fragrance"
        },
        {
          "name": "luxury gifts",
          "label": "gift > luxury gifts"
        },
        {
          "name": "all gifts",
          "label": "gift > all gifts"
        }
      ],
      [
        {
          "name": "all perfumes",
          "label": "fragrance > perfume > all perfumes"
        },
        {
          "name": "all perfumes",
          "label": "gift > gifts for her > all perfumes"
        }
      ]
    ],
    "reviews": {
      "average": 4,
      "count": 3,
      "rounded": 4
    },
    "parent": {
      "product": "2813596",
      "partNumber": "10326379.P",
      "model": "10326379",
      "manufacturerModel": "5437156"
    },
    "images": {
      "thumbnail": "https://boots.scene7.com/is/image/Boots/10326379?wid=45&hei=60&op_sharpen=1"
    },
    "offers": [
      {
        "text": "Better than 1/2 price on selected fragrance gift sets"
      }
    ],
    "actions": {},
    "iconUri": "https://boots.scene7.com/is/image/Boots/10326379?op_sharpen=1",
    "title": "Escentuals Mini Mist Set Body Mist 4 x 50ml",
    "referenceUri": "/escentuals-mini-mist-set-body-mist-4-x-50ml-10326379",
    "canAddToBasket": "yes",
    "opticians": false,
    "inStock": false,
    "expressDelivery": false,
    "hasOtherPromotion": true,
    "channelPromotionalTextMap": {
      "-1": [
        "Better than 1/2 price on selected fragrance gift sets"
      ],
      "-6": [
        "Better than 1/2 price on selected fragrance gift sets"
      ]
    },
    "adCardPoints": 3
  },
  {
    "_id": {
      "$oid": "65ec108d9884656b92f55a00"
    },
    "ppuQuantity": "100ML",
    "pricing": {
      "perUnit": "£104.00 per 100ML",
      "regular": {
        "value": 130,
        "currency": "GBP",
        "text": "£130.00"
      },
      "current": {
        "value": 104,
        "currency": "GBP",
        "text": "£104.00"
      },
      "saving": {
        "value": 26,
        "currency": "GBP",
        "text": "£26.00"
      }
    },
    "objectId": "2566497",
    "brand": "Chloe",
    "attributes": {
      "fragrance_scent": [
        "floral",
        "woody"
      ],
      "StockOverrideMessage": "STOCK_COMING_SOON",
      "gender": "womens",
      "fragrance_type": "eau de parfum",
      "recipient": "gifts for women",
      "format": "spray",
      "hasPriceAdvantageDeal": false,
      "Reporting_Category": "fragrance",
      "gift_type": "fragrance gifts",
      "ProductReviewFlag": "1"
    },
    "variants": {
      "colours": [],
      "hasColours": false,
      "hasSizes": false
    },
    "categories": [
      [
        {
          "name": "gift",
          "label": "gift"
        },
        {
          "name": "beauty & skincare",
          "label": "beauty & skincare"
        },
        {
          "name": "fragrance",
          "label": "fragrance"
        }
      ],
      [
        {
          "name": "all gifts",
          "label": "gift > all gifts"
        },
        {
          "name": "premium beauty & skincare",
          "label": "beauty & skincare > premium beauty & skincare"
        },
        {
          "name": "perfume",
          "label": "fragrance > perfume"
        },
        {
          "name": "gifts for her",
          "label": "gift > gifts for her"
        },
        {
          "name": "luxury fragrance",
          "label": "fragrance > luxury fragrance"
        },
        {
          "name": "Eid gifts",
          "label": "gift > Eid gifts"
        },
        {
          "name": "luxury gifts",
          "label": "gift > luxury gifts"
        }
      ],
      [
        {
          "name": "premium beauty gifts",
          "label": "beauty & skincare > premium beauty & skincare > premium beauty gifts"
        },
        {
          "name": "all perfumes",
          "label": "fragrance > perfume > all perfumes"
        },
        {
          "name": "premium beauty gifts",
          "label": "gift > gifts for her > premium beauty gifts"
        },
        {
          "name": "all perfumes",
          "label": "gift > gifts for her > all perfumes"
        }
      ]
    ],
    "reviews": {
      "average": 3.95,
      "count": 351,
      "rounded": 3
    },
    "parent": {
      "product": "2566496",
      "partNumber": "10298602.P",
      "model": "10298602",
      "manufacturerModel": "4793277"
    },
    "images": {
      "thumbnail": "https://boots.scene7.com/is/image/Boots/10298602?wid=45&hei=60&op_sharpen=1"
    },
    "offers": [
      {
        "text": "Free gift when you buy selected Chloe fragrances - while stocks last"
      },
      {
        "text": "Save up to 20 percent on selected fragrances"
      }
    ],
    "actions": {},
    "iconUri": "https://boots.scene7.com/is/image/Boots/10298602?op_sharpen=1",
    "title": "Chloé Rose Naturelle Eau de Parfum Refillable  100ml",
    "referenceUri": "/chlo%C3%A9-eau-de-parfum-naturelle-for-her-100ml-10298602-",
    "canAddToBasket": "yes",
    "opticians": false,
    "inStock": false,
    "expressDelivery": false,
    "hasOtherPromotion": true,
    "channelPromotionalTextMap": {
      "-1": [
        "Free gift when you buy selected Chloe fragrances - while stocks last",
        "Save up to 20 percent on selected fragrances"
      ],
      "-6": [
        "Free gift when you buy selected Chloe fragrances - while stocks last",
        "Save up to 20 percent on selected fragrances"
      ]
    },
    "adCardPoints": 312
  },
  {
    "_id": {
      "$oid": "65ec108d9884656b92f55a01"
    },
    "ppuQuantity": "60ML",
    "pricing": {
      "perUnit": "£83.58 per 100ML",
      "regular": {
        "value": 59,
        "currency": "GBP",
        "text": "£59.00"
      },
      "current": {
        "value": 50.15,
        "currency": "GBP",
        "text": "£50.15"
      },
      "saving": {
        "value": 8.85,
        "currency": "GBP",
        "text": "£8.85"
      }
    },
    "objectId": "2650639",
    "brand": "Givenchy",
    "attributes": {
      "fragrance_type": "eau de toilette",
      "hasPriceAdvantageDeal": false,
      "StockOverrideMessage": "STOCK_COMING_SOON",
      "ProductReviewFlag": "1"
    },
    "variants": {
      "colours": [],
      "hasColours": false,
      "hasSizes": false
    },
    "categories": [
      [
        {
          "name": "fragrance",
          "label": "fragrance"
        },
        {
          "name": "gift",
          "label": "gift"
        }
      ],
      [
        {
          "name": "5* rated perfumes & aftershaves",
          "label": "fragrance > 5* rated perfumes & aftershaves"
        },
        {
          "name": "perfume",
          "label": "fragrance > perfume"
        },
        {
          "name": "gifts for her",
          "label": "gift > gifts for her"
        }
      ],
      [
        {
          "name": "all perfumes",
          "label": "fragrance > perfume > all perfumes"
        },
        {
          "name": "all perfumes",
          "label": "gift > gifts for her > all perfumes"
        }
      ]
    ],
    "reviews": {
      "average": 3.91,
      "count": 11,
      "rounded": 3
    },
    "parent": {
      "product": "2650638",
      "partNumber": "10308195.P",
      "model": "10308195",
      "manufacturerModel": "1122525"
    },
    "images": {
      "thumbnail": "https://boots.scene7.com/is/image/Boots/10308195?wid=45&hei=60&op_sharpen=1"
    },
    "offers": [
      {
        "text": "Save up to 20 percent on selected fragrances"
      }
    ],
    "actions": {},
    "iconUri": "https://boots.scene7.com/is/image/Boots/10308195?op_sharpen=1",
    "title": "Givenchy Gentleman Eau de Toilette 60ml",
    "referenceUri": "/givenchy-gentleman-eau-de-toilette-10308195",
    "canAddToBasket": "yes",
    "opticians": false,
    "inStock": false,
    "expressDelivery": false,
    "hasOtherPromotion": true,
    "channelPromotionalTextMap": {
      "-1": [
        "Save up to 20 percent on selected fragrances"
      ],
      "-6": [
        "Save up to 20 percent on selected fragrances"
      ]
    },
    "adCardPoints": 150
  },
  {
    "_id": {
      "$oid": "65ec108d9884656b92f55a02"
    },
    "ppuQuantity": "10ML",
    "pricing": {
      "perUnit": "£238.00 per 100ML",
      "regular": {
        "value": 28,
        "currency": "GBP",
        "text": "£28.00"
      },
      "current": {
        "value": 23.8,
        "currency": "GBP",
        "text": "£23.80"
      },
      "saving": {
        "value": 4.2,
        "currency": "GBP",
        "text": "£4.20"
      }
    },
    "objectId": "2914629",
    "brand": "Kayali",
    "attributes": {
      "fragrance_scent": "vanilla",
      "product_type": "perfume",
      "StockOverrideMessage": "STOCK_COMING_SOON",
      "size": "0-10",
      "fragrance_type": "eau de parfum",
      "hasPriceAdvantageDeal": false,
      "ProductReviewFlag": "1"
    },
    "variants": {
      "colours": [],
      "hasColours": false,
      "hasSizes": false
    },
    "categories": [
      [
        {
          "name": "new in",
          "label": "new in"
        },
        {
          "name": "fragrance",
          "label": "fragrance"
        },
        {
          "name": "gift",
          "label": "gift"
        }
      ],
      [
        {
          "name": "new in fragrance",
          "label": "new in > new in fragrance"
        },
        {
          "name": "perfume",
          "label": "fragrance > perfume"
        },
        {
          "name": "gifts for her",
          "label": "gift > gifts for her"
        },
        {
          "name": "luxury fragrance",
          "label": "fragrance > luxury fragrance"
        },
        {
          "name": "new in fragrance",
          "label": "fragrance > new in fragrance"
        },
        {
          "name": "brands",
          "label": "fragrance > brands"
        }
      ],
      [
        {
          "name": "all perfumes",
          "label": "fragrance > perfume > all perfumes"
        },
        {
          "name": "vanilla perfume",
          "label": "fragrance > perfume > vanilla perfume"
        },
        {
          "name": "all perfumes",
          "label": "gift > gifts for her > all perfumes"
        }
      ]
    ],
    "reviews": {
      "average": 3.5,
      "count": 2,
      "rounded": 3
    },
    "parent": {
      "product": "2914628",
      "partNumber": "10338205.P",
      "model": "10338205",
      "manufacturerModel": "1775375"
    },
    "images": {
      "thumbnail": "https://boots.scene7.com/is/image/Boots/10338205?wid=45&hei=60&op_sharpen=1"
    },
    "offers": [
      {
        "text": "Save 15 percent on selected fragrance"
      }
    ],
    "actions": {},
    "iconUri": "https://boots.scene7.com/is/image/Boots/10338205?op_sharpen=1",
    "title": "Kayali Vanilla 28 Eau de Parfum 10ml",
    "referenceUri": "/kayali-vanilla-28-eau-de-parfum-10ml-10338205",
    "canAddToBasket": "yes",
    "opticians": false,
    "inStock": false,
    "expressDelivery": false,
    "hasOtherPromotion": true,
    "channelPromotionalTextMap": {
      "-1": [
        "Save 15 percent on selected fragrance"
      ],
      "-6": [
        "Save 15 percent on selected fragrance"
      ]
    },
    "adCardPoints": 69
  },
  {
    "_id": {
      "$oid": "65ec108d9884656b92f55a03"
    },
    "ppuQuantity": null,
    "pricing": {
      "perUnit": "",
      "regular": {
        "value": 24,
        "currency": "GBP",
        "text": "£24.00"
      },
      "current": {
        "value": 18,
        "currency": "GBP",
        "text": "£18.00"
      },
      "saving": {
        "value": 6,
        "currency": "GBP",
        "text": "£6.00"
      }
    },
    "objectId": "2631690",
    "brand": "Kayali",
    "attributes": {
      "fragrance_scent": [
        "vanilla",
        "jasmine"
      ],
      "size": "0-10",
      "StockOverrideMessage": "STOCK_COMING_SOON",
      "fragrance_type": "eau de parfum",
      "hasPriceAdvantageDeal": false,
      "Reporting_Category": "fragrance",
      "ProductReviewFlag": "1"
    },
    "variants": {
      "colours": [],
      "hasColours": false,
      "hasSizes": false
    },
    "categories": [
      [
        {
          "name": "fragrance",
          "label": "fragrance"
        },
        {
          "name": "beauty & skincare",
          "label": "beauty & skincare"
        },
        {
          "name": "gift",
          "label": "gift"
        }
      ],
      [
        {
          "name": "perfume",
          "label": "fragrance > perfume"
        },
        {
          "name": "premium beauty & skincare",
          "label": "beauty & skincare > premium beauty & skincare"
        },
        {
          "name": "gifts for her",
          "label": "gift > gifts for her"
        }
      ],
      [
        {
          "name": "save up to 25% across selected premium beauty and No7",
          "label": "beauty & skincare > premium beauty & skincare > save up to 25% across selected premium beauty and No7"
        },
        {
          "name": "all perfumes",
          "label": "fragrance > perfume > all perfumes"
        },
        {
          "name": "vanilla perfume",
          "label": "fragrance > perfume > vanilla perfume"
        },
        {
          "name": "all perfumes",
          "label": "gift > gifts for her > all perfumes"
        }
      ]
    ],
    "reviews": {
      "average": 3.5,
      "count": 6,
      "rounded": 3
    },
    "parent": {
      "product": "2631689",
      "partNumber": "10305702.P",
      "model": "10305702",
      "manufacturerModel": "8989729"
    },
    "images": {
      "thumbnail": "https://boots.scene7.com/is/image/Boots/10305702?wid=45&hei=60&op_sharpen=1"
    },
    "offers": [
      {
        "text": "Save up to 25 percent across selected Premium Beauty"
      }
    ],
    "actions": {},
    "iconUri": "https://boots.scene7.com/is/image/Boots/10305702?op_sharpen=1",
    "title": "Kayali Musk 12 & Vanilla 28 Eau de Parfum Rollerball Duo",
    "referenceUri": "/kayali-musk--12--vanilla--28-eau-de-parfum-rollerball-duo-10305702",
    "canAddToBasket": "yes",
    "opticians": false,
    "inStock": false,
    "expressDelivery": false,
    "hasOtherPromotion": true,
    "channelPromotionalTextMap": {
      "-1": [
        "Save up to 25 percent across selected Premium Beauty"
      ],
      "-6": [
        "Save up to 25 percent across selected Premium Beauty"
      ]
    },
    "adCardPoints": 54
  },
  {
    "_id": {
      "$oid": "65ec108d9884656b92f55a04"
    },
    "ppuQuantity": "30ML",
    "pricing": {
      "perUnit": "£62.50 per 100ML",
      "regular": {
        "value": 25,
        "currency": "GBP",
        "text": "£25.00"
      },
      "current": {
        "value": 18.75,
        "currency": "GBP",
        "text": "£18.75"
      },
      "saving": {
        "value": 6.25,
        "currency": "GBP",
        "text": "£6.25"
      }
    },
    "objectId": "2690987",
    "brand": "Elizabeth Arden",
    "attributes": {
      "fragrance_scent": "floral",
      "StockOverrideMessage": "STOCK_COMING_SOON",
      "gender": "womens",
      "size": "21-30",
      "fragrance_type": "eau de parfum",
      "hasPriceAdvantageDeal": false,
      "Reporting_Category": "fragrance",
      "ProductReviewFlag": "1"
    },
    "variants": {
      "colours": [],
      "hasColours": false,
      "hasSizes": false
    },
    "categories": [
      [
        {
          "name": "new in",
          "label": "new in"
        },
        {
          "name": "beauty & skincare",
          "label": "beauty & skincare"
        },
        {
          "name": "fragrance",
          "label": "fragrance"
        },
        {
          "name": "gift",
          "label": "gift"
        }
      ],
      [
        {
          "name": "premium beauty & skincare",
          "label": "beauty & skincare > premium beauty & skincare"
        },
        {
          "name": "perfume",
          "label": "fragrance > perfume"
        },
        {
          "name": "gifts for her",
          "label": "gift > gifts for her"
        },
        {
          "name": "brands",
          "label": "fragrance > brands"
        },
        {
          "name": "new in premium beauty & skincare",
          "label": "new in > new in premium beauty & skincare"
        }
      ],
      [
        {
          "name": "new in premium beauty & skincare",
          "label": "beauty & skincare > premium beauty & skincare > new in premium beauty & skincare"
        },
        {
          "name": "all perfumes",
          "label": "fragrance > perfume > all perfumes"
        },
        {
          "name": "all perfumes",
          "label": "gift > gifts for her > all perfumes"
        }
      ]
    ],
    "reviews": {
      "average": 3.38,
      "count": 8,
      "rounded": 3
    },
    "parent": {
      "product": "2690986",
      "partNumber": "10313961.P",
      "model": "10313961",
      "manufacturerModel": "3258386"
    },
    "images": {
      "thumbnail": "https://boots.scene7.com/is/image/Boots/10313961?wid=45&hei=60&op_sharpen=1"
    },
    "offers": [
      {
        "text": "Spend £45 on selected Elizabeth Arden and receive Elizabeth Arden Icons Set for £75, worth £281"
      },
      {
        "text": "Save up to 25 percent across selected Premium Beauty"
      }
    ],
    "actions": {},
    "iconUri": "https://boots.scene7.com/is/image/Boots/10313961?op_sharpen=1",
    "title": "Elizabeth Arden White Tea Eau De Parfum 30ml",
    "referenceUri": "/elizabeth-arden-white-tea-eau-de-parfum-30ml-10313961",
    "canAddToBasket": "yes",
    "opticians": false,
    "inStock": false,
    "expressDelivery": false,
    "hasOtherPromotion": true,
    "channelPromotionalTextMap": {
      "-1": [
        "Spend £45 on selected Elizabeth Arden and receive Elizabeth Arden Icons Set for £75, worth £281",
        "Save up to 25 percent across selected Premium Beauty"
      ],
      "-6": [
        "Spend £45 on selected Elizabeth Arden and receive Elizabeth Arden Icons Set for £75, worth £281",
        "Save up to 25 percent across selected Premium Beauty"
      ]
    },
    "adCardPoints": 54
  },
  {
    "_id": {
      "$oid": "65ec108d9884656b92f55a05"
    },
    "ppuQuantity": null,
    "pricing": {
      "perUnit": "",
      "regular": {
        "value": 36,
        "currency": "GBP",
        "text": "£36.00"
      },
      "current": {
        "value": 18,
        "currency": "GBP",
        "text": "£18.00"
      },
      "saving": {
        "value": 18,
        "currency": "GBP",
        "text": "£18.00"
      }
    },
    "objectId": "2850168",
    "brand": "Calvin Klein",
    "attributes": {
      "fragrance_scent": "musk",
      "product_type": [
        "body spray",
        "gift set"
      ],
      "StockOverrideMessage": "STOCK_COMING_SOON",
      "gender": "unisex",
      "fragrance_type": "eau de toilette",
      "recipient": [
        "secret santa",
        "gifts for couples"
      ],
      "hasPriceAdvantageDeal": false,
      "gift_type": "fragrance gifts",
      "key_features": "long lasting",
      "ProductReviewFlag": "1"
    },
    "variants": {
      "colours": [],
      "hasColours": false,
      "hasSizes": false
    },
    "categories": [
      [
        {
          "name": "fragrance",
          "label": "fragrance"
        },
        {
          "name": "toiletries",
          "label": "toiletries"
        },
        {
          "name": "men's",
          "label": "men's"
        },
        {
          "name": "gift",
          "label": "gift"
        }
      ],
      [
        {
          "name": "men's toiletries",
          "label": "toiletries > men's toiletries"
        },
        {
          "name": "men's toiletries",
          "label": "men's > men's toiletries"
        },
        {
          "name": "perfume",
          "label": "fragrance > perfume"
        },
        {
          "name": "aftershave",
          "label": "fragrance > aftershave"
        },
        {
          "name": "fragrance gift sets",
          "label": "fragrance > fragrance gift sets"
        },
        {
          "name": "gifts for him",
          "label": "gift > gifts for him"
        },
        {
          "name": "gifts for her",
          "label": "gift > gifts for her"
        },
        {
          "name": "aftershave",
          "label": "men's > aftershave"
        },
        {
          "name": "luxury fragrance",
          "label": "fragrance > luxury fragrance"
        },
        {
          "name": "luxury gifts",
          "label": "gift > luxury gifts"
        },
        {
          "name": "all gifts",
          "label": "gift > all gifts"
        }
      ],
      [
        {
          "name": "aftershave",
          "label": "toiletries > men's toiletries > aftershave"
        },
        {
          "name": "aftershave",
          "label": "men's > men's toiletries > aftershave"
        },
        {
          "name": "perfume gift sets",
          "label": "fragrance > perfume > perfume gift sets"
        },
        {
          "name": "all perfumes",
          "label": "fragrance > perfume > all perfumes"
        },
        {
          "name": "all aftershave",
          "label": "fragrance > aftershave > all aftershave"
        },
        {
          "name": "aftershave gift sets",
          "label": "fragrance > aftershave > aftershave gift sets"
        },
        {
          "name": "perfume gift sets",
          "label": "fragrance > fragrance gift sets > perfume gift sets"
        },
        {
          "name": "aftershave gift sets",
          "label": "fragrance > fragrance gift sets > aftershave gift sets"
        },
        {
          "name": "all aftershave",
          "label": "gift > gifts for him > all aftershave"
        },
        {
          "name": "all perfumes",
          "label": "gift > gifts for her > all perfumes"
        },
        {
          "name": "all aftershave",
          "label": "men's > aftershave > all aftershave"
        },
        {
          "name": "aftershave gift sets",
          "label": "men's > aftershave > aftershave gift sets"
        }
      ],
      [
        {
          "name": "all aftershave",
          "label": "toiletries > men's toiletries > aftershave > all aftershave"
        },
        {
          "name": "aftershave gift sets",
          "label": "toiletries > men's toiletries > aftershave > aftershave gift sets"
        },
        {
          "name": "all aftershave",
          "label": "men's > men's toiletries > aftershave > all aftershave"
        },
        {
          "name": "aftershave gift sets",
          "label": "men's > men's toiletries > aftershave > aftershave gift sets"
        }
      ]
    ],
    "reviews": {
      "average": 3,
      "count": 1,
      "rounded": 3
    },
    "parent": {
      "product": "2850167",
      "partNumber": "10330264.P",
      "model": "10330264",
      "manufacturerModel": "5711657"
    },
    "images": {
      "thumbnail": "https://boots.scene7.com/is/image/Boots/10330264?wid=45&hei=60&op_sharpen=1"
    },
    "offers": [
      {
        "text": "1/2 price on selected fragrance gift sets"
      }
    ],
    "actions": {},
    "iconUri": "https://boots.scene7.com/is/image/Boots/10330264?op_sharpen=1",
    "title": "Calvin Klein CK ONE Unisex Eau de Toilette 50ml Giftset",
    "referenceUri": "/calvin-klein-ck-one-unisex-eau-de-toilette-50ml-giftset-10330264",
    "canAddToBasket": "yes",
    "opticians": false,
    "inStock": false,
    "expressDelivery": false,
    "hasOtherPromotion": true,
    "channelPromotionalTextMap": {
      "-1": [
        "1/2 price on selected fragrance gift sets"
      ],
      "-6": [
        "1/2 price on selected fragrance gift sets"
      ]
    },
    "adCardPoints": 54
  },
  {
    "_id": {
      "$oid": "65ec108d9884656b92f55a06"
    },
    "ppuQuantity": "150ML",
    "pricing": {
      "perUnit": "£86.67 per 100ML",
      "regular": {
        "value": 130,
        "currency": "GBP",
        "text": "£130.00"
      },
      "current": {
        "value": 130,
        "currency": "GBP",
        "text": "£130.00"
      }
    },
    "objectId": "2945139",
    "brand": "Narciso Rodriguez",
    "attributes": {
      "fragrance_scent": [
        "musk",
        "floral"
      ],
      "product_type": "perfume",
      "size": "101-150",
      "StockOverrideMessage": "STOCK_COMING_SOON",
      "gender": "womens",
      "fragrance_type": "eau de parfum",
      "hasPriceAdvantageDeal": false,
      "ProductReviewFlag": "1"
    },
    "variants": {
      "colours": [],
      "hasColours": false,
      "hasSizes": false
    },
    "categories": [
      [
        {
          "name": "new in",
          "label": "new in"
        },
        {
          "name": "fragrance",
          "label": "fragrance"
        },
        {
          "name": "gift",
          "label": "gift"
        }
      ],
      [
        {
          "name": "new in fragrance",
          "label": "new in > new in fragrance"
        },
        {
          "name": "perfume",
          "label": "fragrance > perfume"
        },
        {
          "name": "gifts for her",
          "label": "gift > gifts for her"
        },
        {
          "name": "new in fragrance",
          "label": "fragrance > new in fragrance"
        }
      ],
      [
        {
          "name": "all perfumes",
          "label": "fragrance > perfume > all perfumes"
        },
        {
          "name": "musky perfume",
          "label": "fragrance > perfume > musky perfume"
        },
        {
          "name": "floral perfume",
          "label": "fragrance > perfume > floral perfume"
        },
        {
          "name": "perfume refill bottles",
          "label": "fragrance > perfume > perfume refill bottles"
        },
        {
          "name": "all perfumes",
          "label": "gift > gifts for her > all perfumes"
        }
      ]
    ],
    "reviews": {
      "average": null,
      "count": null,
      "rounded": null
    },
    "parent": {
      "product": "2945138",
      "partNumber": "10341400.P",
      "model": "10341400",
      "manufacturerModel": "2614480"
    },
    "images": {
      "thumbnail": "https://boots.scene7.com/is/image/Boots/10341400?wid=45&hei=60&op_sharpen=1"
    },
    "offers": [],
    "actions": {},
    "iconUri": "https://boots.scene7.com/is/image/Boots/10341400?op_sharpen=1",
    "title": "Narciso Rodriguez all of me Eau de Parfum Refill 150ml",
    "referenceUri": "/narciso-rodriguez-all-of-me-eau-de-parfum-refill-150ml-10341400",
    "canAddToBasket": "yes",
    "opticians": false,
    "inStock": false,
    "expressDelivery": false,
    "hasOtherPromotion": false,
    "channelPromotionalTextMap": {
      "-1": [],
      "-6": []
    },
    "adCardPoints": 390
  },
  {
    "_id": {
      "$oid": "65ec108d9884656b92f55a07"
    },
    "ppuQuantity": "200ML",
    "pricing": {
      "perUnit": "£46.00 per 100ML",
      "regular": {
        "value": 92,
        "currency": "GBP",
        "text": "£92.00"
      },
      "current": {
        "value": 92,
        "currency": "GBP",
        "text": "£92.00"
      }
    },
    "objectId": "2935603",
    "brand": "Azzaro",
    "attributes": {
      "fragrance_scent": "musk",
      "product_type": "body spray",
      "StockOverrideMessage": "STOCK_COMING_SOON",
      "gender": "mens",
      "size": "200",
      "fragrance_type": "eau de toilette",
      "format": "spray",
      "hasPriceAdvantageDeal": false,
      "ProductReviewFlag": "1"
    },
    "variants": {
      "colours": [],
      "hasColours": false,
      "hasSizes": false
    },
    "categories": [
      [
        {
          "name": "new in",
          "label": "new in"
        },
        {
          "name": "toiletries",
          "label": "toiletries"
        },
        {
          "name": "men's",
          "label": "men's"
        },
        {
          "name": "fragrance",
          "label": "fragrance"
        },
        {
          "name": "gift",
          "label": "gift"
        }
      ],
      [
        {
          "name": "new in fragrance",
          "label": "new in > new in fragrance"
        },
        {
          "name": "men's toiletries",
          "label": "toiletries > men's toiletries"
        },
        {
          "name": "men's toiletries",
          "label": "men's > men's toiletries"
        },
        {
          "name": "perfume",
          "label": "fragrance > perfume"
        },
        {
          "name": "aftershave",
          "label": "fragrance > aftershave"
        },
        {
          "name": "gifts for him",
          "label": "gift > gifts for him"
        },
        {
          "name": "gifts for her",
          "label": "gift > gifts for her"
        },
        {
          "name": "aftershave",
          "label": "men's > aftershave"
        },
        {
          "name": "new in fragrance",
          "label": "fragrance > new in fragrance"
        },
        {
          "name": "brands",
          "label": "fragrance > brands"
        }
      ],
      [
        {
          "name": "aftershave",
          "label": "toiletries > men's toiletries > aftershave"
        },
        {
          "name": "aftershave",
          "label": "men's > men's toiletries > aftershave"
        },
        {
          "name": "all perfumes",
          "label": "fragrance > perfume > all perfumes"
        },
        {
          "name": "all aftershave",
          "label": "fragrance > aftershave > all aftershave"
        },
        {
          "name": "all aftershave",
          "label": "gift > gifts for him > all aftershave"
        },
        {
          "name": "all perfumes",
          "label": "gift > gifts for her > all perfumes"
        },
        {
          "name": "all aftershave",
          "label": "men's > aftershave > all aftershave"
        }
      ],
      [
        {
          "name": "all aftershave",
          "label": "toiletries > men's toiletries > aftershave > all aftershave"
        },
        {
          "name": "all aftershave",
          "label": "men's > men's toiletries > aftershave > all aftershave"
        }
      ]
    ],
    "reviews": {
      "average": null,
      "count": null,
      "rounded": null
    },
    "parent": {
      "product": "2935602",
      "partNumber": "10340394.P",
      "model": "10340394",
      "manufacturerModel": "2331152"
    },
    "images": {
      "thumbnail": "https://boots.scene7.com/is/image/Boots/10340394?wid=45&hei=60&op_sharpen=1"
    },
    "offers": [],
    "actions": {},
    "iconUri": "https://boots.scene7.com/is/image/Boots/10340394?op_sharpen=1",
    "title": "Azzaro Chrome Eau de Toilette 200ml",
    "referenceUri": "/azzaro-chrome-eau-de-toilette-200ml-10340394",
    "canAddToBasket": "yes",
    "opticians": false,
    "inStock": false,
    "expressDelivery": false,
    "hasOtherPromotion": false,
    "channelPromotionalTextMap": {
      "-1": [],
      "-6": []
    },
    "adCardPoints": 276
  },
  {
    "_id": {
      "$oid": "65ec108d9884656b92f55a08"
    },
    "ppuQuantity": "50ML",
    "pricing": {
      "perUnit": "£96.00 per 100ML",
      "regular": {
        "value": 48,
        "currency": "GBP",
        "text": "£48.00"
      },
      "current": {
        "value": 48,
        "currency": "GBP",
        "text": "£48.00"
      }
    },
    "objectId": "2935599",
    "brand": "Azzaro",
    "attributes": {
      "fragrance_scent": "musk",
      "product_type": "body spray",
      "gender": "mens",
      "StockOverrideMessage": "STOCK_COMING_SOON",
      "size": "41-50",
      "fragrance_type": "eau de toilette",
      "format": "spray",
      "hasPriceAdvantageDeal": false,
      "ProductReviewFlag": "1"
    },
    "variants": {
      "colours": [],
      "hasColours": false,
      "hasSizes": false
    },
    "categories": [
      [
        {
          "name": "new in",
          "label": "new in"
        },
        {
          "name": "toiletries",
          "label": "toiletries"
        },
        {
          "name": "men's",
          "label": "men's"
        },
        {
          "name": "fragrance",
          "label": "fragrance"
        },
        {
          "name": "gift",
          "label": "gift"
        }
      ],
      [
        {
          "name": "new in fragrance",
          "label": "new in > new in fragrance"
        },
        {
          "name": "men's toiletries",
          "label": "toiletries > men's toiletries"
        },
        {
          "name": "men's toiletries",
          "label": "men's > men's toiletries"
        },
        {
          "name": "perfume",
          "label": "fragrance > perfume"
        },
        {
          "name": "aftershave",
          "label": "fragrance > aftershave"
        },
        {
          "name": "gifts for him",
          "label": "gift > gifts for him"
        },
        {
          "name": "gifts for her",
          "label": "gift > gifts for her"
        },
        {
          "name": "aftershave",
          "label": "men's > aftershave"
        },
        {
          "name": "new in fragrance",
          "label": "fragrance > new in fragrance"
        },
        {
          "name": "brands",
          "label": "fragrance > brands"
        }
      ],
      [
        {
          "name": "aftershave",
          "label": "toiletries > men's toiletries > aftershave"
        },
        {
          "name": "aftershave",
          "label": "men's > men's toiletries > aftershave"
        },
        {
          "name": "all perfumes",
          "label": "fragrance > perfume > all perfumes"
        },
        {
          "name": "all aftershave",
          "label": "fragrance > aftershave > all aftershave"
        },
        {
          "name": "all aftershave",
          "label": "gift > gifts for him > all aftershave"
        },
        {
          "name": "all perfumes",
          "label": "gift > gifts for her > all perfumes"
        },
        {
          "name": "all aftershave",
          "label": "men's > aftershave > all aftershave"
        }
      ],
      [
        {
          "name": "all aftershave",
          "label": "toiletries > men's toiletries > aftershave > all aftershave"
        },
        {
          "name": "all aftershave",
          "label": "men's > men's toiletries > aftershave > all aftershave"
        }
      ]
    ],
    "reviews": {
      "average": null,
      "count": null,
      "rounded": null
    },
    "parent": {
      "product": "2935598",
      "partNumber": "10340392.P",
      "model": "10340392",
      "manufacturerModel": "2331128"
    },
    "images": {
      "thumbnail": "https://boots.scene7.com/is/image/Boots/10340392?wid=45&hei=60&op_sharpen=1"
    },
    "offers": [],
    "actions": {},
    "iconUri": "https://boots.scene7.com/is/image/Boots/10340392?op_sharpen=1",
    "title": "Azzaro Chrome Eau de Toilette 50ml",
    "referenceUri": "/azzaro-chrome-eau-de-toilette-50ml-10340392",
    "canAddToBasket": "yes",
    "opticians": false,
    "inStock": false,
    "expressDelivery": false,
    "hasOtherPromotion": false,
    "channelPromotionalTextMap": {
      "-1": [],
      "-6": []
    },
    "adCardPoints": 144
  },
  {
    "_id": {
      "$oid": "65ec108d9884656b92f55a09"
    },
    "ppuQuantity": "100ML",
    "pricing": {
      "perUnit": "£35.00 per 100ML",
      "regular": {
        "value": 35,
        "currency": "GBP",
        "text": "£35.00"
      },
      "current": {
        "value": 35,
        "currency": "GBP",
        "text": "£35.00"
      }
    },
    "objectId": "2935597",
    "brand": "Azzaro",
    "attributes": {
      "fragrance_scent": "fruity",
      "product_type": "body spray",
      "size": "71-100",
      "gender": "mens",
      "StockOverrideMessage": "STOCK_COMING_SOON",
      "fragrance_type": "eau de toilette",
      "format": "spray",
      "hasPriceAdvantageDeal": false,
      "ProductReviewFlag": "1"
    },
    "variants": {
      "colours": [],
      "hasColours": false,
      "hasSizes": false
    },
    "categories": [
      [
        {
          "name": "new in",
          "label": "new in"
        },
        {
          "name": "toiletries",
          "label": "toiletries"
        },
        {
          "name": "men's",
          "label": "men's"
        },
        {
          "name": "fragrance",
          "label": "fragrance"
        },
        {
          "name": "gift",
          "label": "gift"
        }
      ],
      [
        {
          "name": "new in fragrance",
          "label": "new in > new in fragrance"
        },
        {
          "name": "men's toiletries",
          "label": "toiletries > men's toiletries"
        },
        {
          "name": "men's toiletries",
          "label": "men's > men's toiletries"
        },
        {
          "name": "perfume",
          "label": "fragrance > perfume"
        },
        {
          "name": "aftershave",
          "label": "fragrance > aftershave"
        },
        {
          "name": "gifts for him",
          "label": "gift > gifts for him"
        },
        {
          "name": "gifts for her",
          "label": "gift > gifts for her"
        },
        {
          "name": "aftershave",
          "label": "men's > aftershave"
        },
        {
          "name": "new in fragrance",
          "label": "fragrance > new in fragrance"
        },
        {
          "name": "brands",
          "label": "fragrance > brands"
        }
      ],
      [
        {
          "name": "aftershave",
          "label": "toiletries > men's toiletries > aftershave"
        },
        {
          "name": "aftershave",
          "label": "men's > men's toiletries > aftershave"
        },
        {
          "name": "all perfumes",
          "label": "fragrance > perfume > all perfumes"
        },
        {
          "name": "all aftershave",
          "label": "fragrance > aftershave > all aftershave"
        },
        {
          "name": "all aftershave",
          "label": "gift > gifts for him > all aftershave"
        },
        {
          "name": "all perfumes",
          "label": "gift > gifts for her > all perfumes"
        },
        {
          "name": "all aftershave",
          "label": "men's > aftershave > all aftershave"
        }
      ],
      [
        {
          "name": "all aftershave",
          "label": "toiletries > men's toiletries > aftershave > all aftershave"
        },
        {
          "name": "all aftershave",
          "label": "men's > men's toiletries > aftershave > all aftershave"
        }
      ]
    ],
    "reviews": {
      "average": null,
      "count": null,
      "rounded": null
    },
    "parent": {
      "product": "2935596",
      "partNumber": "10340391.P",
      "model": "10340391",
      "manufacturerModel": "2331098"
    },
    "images": {
      "thumbnail": "https://boots.scene7.com/is/image/Boots/10340391?wid=45&hei=60&op_sharpen=1"
    },
    "offers": [],
    "actions": {},
    "iconUri": "https://boots.scene7.com/is/image/Boots/10340391?op_sharpen=1",
    "title": "Azzaro Sport Eau de Toilette 100ml",
    "referenceUri": "/azzaro-sport-eau-de-toilette-100ml-10340391",
    "canAddToBasket": "yes",
    "opticians": false,
    "inStock": false,
    "expressDelivery": false,
    "hasOtherPromotion": false,
    "channelPromotionalTextMap": {
      "-1": [],
      "-6": []
    },
    "adCardPoints": 105
  },
  {
    "_id": {
      "$oid": "65ec108d9884656b92f55a0a"
    },
    "ppuQuantity": "200ML",
    "pricing": {
      "perUnit": "£41.00 per 100ML",
      "regular": {
        "value": 82,
        "currency": "GBP",
        "text": "£82.00"
      },
      "current": {
        "value": 82,
        "currency": "GBP",
        "text": "£82.00"
      }
    },
    "objectId": "2935595",
    "brand": "Azzaro",
    "attributes": {
      "fragrance_scent": "woody",
      "product_type": "body spray",
      "size": "200",
      "StockOverrideMessage": "STOCK_COMING_SOON",
      "gender": "mens",
      "format": "spray",
      "fragrance_type": "eau de toilette",
      "hasPriceAdvantageDeal": false,
      "ProductReviewFlag": "1"
    },
    "variants": {
      "colours": [],
      "hasColours": false,
      "hasSizes": false
    },
    "categories": [
      [
        {
          "name": "new in",
          "label": "new in"
        },
        {
          "name": "toiletries",
          "label": "toiletries"
        },
        {
          "name": "men's",
          "label": "men's"
        },
        {
          "name": "fragrance",
          "label": "fragrance"
        },
        {
          "name": "gift",
          "label": "gift"
        }
      ],
      [
        {
          "name": "new in fragrance",
          "label": "new in > new in fragrance"
        },
        {
          "name": "men's toiletries",
          "label": "toiletries > men's toiletries"
        },
        {
          "name": "men's toiletries",
          "label": "men's > men's toiletries"
        },
        {
          "name": "perfume",
          "label": "fragrance > perfume"
        },
        {
          "name": "aftershave",
          "label": "fragrance > aftershave"
        },
        {
          "name": "gifts for him",
          "label": "gift > gifts for him"
        },
        {
          "name": "gifts for her",
          "label": "gift > gifts for her"
        },
        {
          "name": "aftershave",
          "label": "men's > aftershave"
        },
        {
          "name": "new in fragrance",
          "label": "fragrance > new in fragrance"
        },
        {
          "name": "brands",
          "label": "fragrance > brands"
        }
      ],
      [
        {
          "name": "aftershave",
          "label": "toiletries > men's toiletries > aftershave"
        },
        {
          "name": "aftershave",
          "label": "men's > men's toiletries > aftershave"
        },
        {
          "name": "all perfumes",
          "label": "fragrance > perfume > all perfumes"
        },
        {
          "name": "all aftershave",
          "label": "fragrance > aftershave > all aftershave"
        },
        {
          "name": "all aftershave",
          "label": "gift > gifts for him > all aftershave"
        },
        {
          "name": "all perfumes",
          "label": "gift > gifts for her > all perfumes"
        },
        {
          "name": "all aftershave",
          "label": "men's > aftershave > all aftershave"
        }
      ],
      [
        {
          "name": "all aftershave",
          "label": "toiletries > men's toiletries > aftershave > all aftershave"
        },
        {
          "name": "all aftershave",
          "label": "men's > men's toiletries > aftershave > all aftershave"
        }
      ]
    ],
    "reviews": {
      "average": null,
      "count": null,
      "rounded": null
    },
    "parent": {
      "product": "2935594",
      "partNumber": "10340390.P",
      "model": "10340390",
      "manufacturerModel": "2331071"
    },
    "images": {
      "thumbnail": "https://boots.scene7.com/is/image/Boots/10340390?wid=45&hei=60&op_sharpen=1"
    },
    "offers": [],
    "actions": {},
    "iconUri": "https://boots.scene7.com/is/image/Boots/10340390?op_sharpen=1",
    "title": "Azzaro Pour Homme Eau de Toilette 200ml",
    "referenceUri": "/azzaro-pour-homme-eau-de-toilette-200ml-10340390",
    "canAddToBasket": "yes",
    "opticians": false,
    "inStock": false,
    "expressDelivery": false,
    "hasOtherPromotion": false,
    "channelPromotionalTextMap": {
      "-1": [],
      "-6": []
    },
    "adCardPoints": 246
  },
  {
    "_id": {
      "$oid": "65ec108d9884656b92f55a0b"
    },
    "ppuQuantity": "100ML",
    "pricing": {
      "perUnit": "£78.00 per 100ML",
      "regular": {
        "value": 78,
        "currency": "GBP",
        "text": "£78.00"
      },
      "current": {
        "value": 78,
        "currency": "GBP",
        "text": "£78.00"
      }
    },
    "objectId": "2935593",
    "brand": "Azzaro",
    "attributes": {
      "fragrance_scent": "woody",
      "product_type": "body spray",
      "StockOverrideMessage": "STOCK_COMING_SOON",
      "gender": "mens",
      "size": "71-100",
      "fragrance_type": "eau de toilette",
      "format": "spray",
      "hasPriceAdvantageDeal": false,
      "ProductReviewFlag": "1"
    },
    "variants": {
      "colours": [],
      "hasColours": false,
      "hasSizes": false
    },
    "categories": [
      [
        {
          "name": "new in",
          "label": "new in"
        },
        {
          "name": "toiletries",
          "label": "toiletries"
        },
        {
          "name": "men's",
          "label": "men's"
        },
        {
          "name": "fragrance",
          "label": "fragrance"
        },
        {
          "name": "gift",
          "label": "gift"
        }
      ],
      [
        {
          "name": "new in fragrance",
          "label": "new in > new in fragrance"
        },
        {
          "name": "men's toiletries",
          "label": "toiletries > men's toiletries"
        },
        {
          "name": "men's toiletries",
          "label": "men's > men's toiletries"
        },
        {
          "name": "perfume",
          "label": "fragrance > perfume"
        },
        {
          "name": "aftershave",
          "label": "fragrance > aftershave"
        },
        {
          "name": "gifts for him",
          "label": "gift > gifts for him"
        },
        {
          "name": "gifts for her",
          "label": "gift > gifts for her"
        },
        {
          "name": "aftershave",
          "label": "men's > aftershave"
        },
        {
          "name": "new in fragrance",
          "label": "fragrance > new in fragrance"
        },
        {
          "name": "brands",
          "label": "fragrance > brands"
        }
      ],
      [
        {
          "name": "aftershave",
          "label": "toiletries > men's toiletries > aftershave"
        },
        {
          "name": "aftershave",
          "label": "men's > men's toiletries > aftershave"
        },
        {
          "name": "all perfumes",
          "label": "fragrance > perfume > all perfumes"
        },
        {
          "name": "all aftershave",
          "label": "fragrance > aftershave > all aftershave"
        },
        {
          "name": "all aftershave",
          "label": "gift > gifts for him > all aftershave"
        },
        {
          "name": "all perfumes",
          "label": "gift > gifts for her > all perfumes"
        },
        {
          "name": "all aftershave",
          "label": "men's > aftershave > all aftershave"
        }
      ],
      [
        {
          "name": "all aftershave",
          "label": "toiletries > men's toiletries > aftershave > all aftershave"
        },
        {
          "name": "all aftershave",
          "label": "men's > men's toiletries > aftershave > all aftershave"
        }
      ]
    ],
    "reviews": {
      "average": null,
      "count": null,
      "rounded": null
    },
    "parent": {
      "product": "2935592",
      "partNumber": "10340389.P",
      "model": "10340389",
      "manufacturerModel": "2331063"
    },
    "images": {
      "thumbnail": "https://boots.scene7.com/is/image/Boots/10340389?wid=45&hei=60&op_sharpen=1"
    },
    "offers": [],
    "actions": {},
    "iconUri": "https://boots.scene7.com/is/image/Boots/10340389?op_sharpen=1",
    "title": "Azzaro Pour Homme Eau de Toilette 100ml",
    "referenceUri": "/azzaro-pour-homme-eau-de-toilette-100ml-10340389",
    "canAddToBasket": "yes",
    "opticians": false,
    "inStock": false,
    "expressDelivery": false,
    "hasOtherPromotion": false,
    "channelPromotionalTextMap": {
      "-1": [],
      "-6": []
    },
    "adCardPoints": 234
  },
  {
    "_id": {
      "$oid": "65ec108d9884656b92f55a0c"
    },
    "ppuQuantity": "10ML",
    "pricing": {
      "perUnit": "£238.00 per 100ML",
      "regular": {
        "value": 28,
        "currency": "GBP",
        "text": "£28.00"
      },
      "current": {
        "value": 23.8,
        "currency": "GBP",
        "text": "£23.80"
      },
      "saving": {
        "value": 4.2,
        "currency": "GBP",
        "text": "£4.20"
      }
    },
    "objectId": "2914631",
    "brand": "Kayali",
    "attributes": {
      "fragrance_scent": "vanilla",
      "product_type": "perfume",
      "StockOverrideMessage": "STOCK_COMING_SOON",
      "size": "0-10",
      "fragrance_type": "eau de parfum",
      "hasPriceAdvantageDeal": false,
      "ProductReviewFlag": "1"
    },
    "variants": {
      "colours": [],
      "hasColours": false,
      "hasSizes": false
    },
    "categories": [
      [
        {
          "name": "new in",
          "label": "new in"
        },
        {
          "name": "fragrance",
          "label": "fragrance"
        },
        {
          "name": "gift",
          "label": "gift"
        }
      ],
      [
        {
          "name": "new in fragrance",
          "label": "new in > new in fragrance"
        },
        {
          "name": "perfume",
          "label": "fragrance > perfume"
        },
        {
          "name": "gifts for her",
          "label": "gift > gifts for her"
        },
        {
          "name": "luxury fragrance",
          "label": "fragrance > luxury fragrance"
        },
        {
          "name": "new in fragrance",
          "label": "fragrance > new in fragrance"
        },
        {
          "name": "brands",
          "label": "fragrance > brands"
        }
      ],
      [
        {
          "name": "all perfumes",
          "label": "fragrance > perfume > all perfumes"
        },
        {
          "name": "vanilla perfume",
          "label": "fragrance > perfume > vanilla perfume"
        },
        {
          "name": "all perfumes",
          "label": "gift > gifts for her > all perfumes"
        }
      ]
    ],
    "reviews": {
      "average": null,
      "count": null,
      "rounded": null
    },
    "parent": {
      "product": "2914630",
      "partNumber": "10338206.P",
      "model": "10338206",
      "manufacturerModel": "1775383"
    },
    "images": {
      "thumbnail": "https://boots.scene7.com/is/image/Boots/10338206?wid=45&hei=60&op_sharpen=1"
    },
    "offers": [
      {
        "text": "Save 15 percent on selected fragrance"
      }
    ],
    "actions": {},
    "iconUri": "https://boots.scene7.com/is/image/Boots/10338206?op_sharpen=1",
    "title": "Kayali Utopia Vanilla Coco 11 Eau de Parfum 10ml",
    "referenceUri": "/kayali-utopia-vanilla-coco-11-eau-de-parfum-10ml-10338206",
    "canAddToBasket": "yes",
    "opticians": false,
    "inStock": false,
    "expressDelivery": false,
    "hasOtherPromotion": true,
    "channelPromotionalTextMap": {
      "-1": [
        "Save 15 percent on selected fragrance"
      ],
      "-6": [
        "Save 15 percent on selected fragrance"
      ]
    },
    "adCardPoints": 69
  },
  {
    "_id": {
      "$oid": "65ec108d9884656b92f55a0d"
    },
    "ppuQuantity": "100ML",
    "pricing": {
      "perUnit": "£84.00 per 100ML",
      "regular": {
        "value": 105,
        "currency": "GBP",
        "text": "£105.00"
      },
      "current": {
        "value": 84,
        "currency": "GBP",
        "text": "£84.00"
      },
      "saving": {
        "value": 21,
        "currency": "GBP",
        "text": "£21.00"
      }
    },
    "objectId": "2908605",
    "brand": "Estee Lauder",
    "attributes": {
      "fragrance_scent": "floral",
      "product_type": "perfume",
      "size": "71-100",
      "StockOverrideMessage": "STOCK_COMING_SOON",
      "fragrance_type": "eau de parfum",
      "hasPriceAdvantageDeal": false,
      "ProductReviewFlag": "1"
    },
    "variants": {
      "colours": [],
      "hasColours": false,
      "hasSizes": false
    },
    "categories": [
      [
        {
          "name": "new in",
          "label": "new in"
        },
        {
          "name": "fragrance",
          "label": "fragrance"
        },
        {
          "name": "gift",
          "label": "gift"
        },
        {
          "name": "wellness",
          "label": "wellness"
        }
      ],
      [
        {
          "name": "new in fragrance",
          "label": "new in > new in fragrance"
        },
        {
          "name": "perfume",
          "label": "fragrance > perfume"
        },
        {
          "name": "gifts for her",
          "label": "gift > gifts for her"
        },
        {
          "name": "sustainability at Boots",
          "label": "wellness > sustainability at Boots"
        },
        {
          "name": "new in fragrance",
          "label": "fragrance > new in fragrance"
        },
        {
          "name": "brands",
          "label": "fragrance > brands"
        }
      ],
      [
        {
          "name": "all perfumes",
          "label": "fragrance > perfume > all perfumes"
        },
        {
          "name": "floral perfume",
          "label": "fragrance > perfume > floral perfume"
        },
        {
          "name": "perfume refill bottles",
          "label": "fragrance > perfume > perfume refill bottles"
        },
        {
          "name": "all perfumes",
          "label": "gift > gifts for her > all perfumes"
        },
        {
          "name": "reuse ready",
          "label": "wellness > sustainability at Boots > reuse ready"
        }
      ]
    ],
    "reviews": {
      "average": null,
      "count": null,
      "rounded": null
    },
    "parent": {
      "product": "2908604",
      "partNumber": "10337655.P",
      "model": "10337655",
      "manufacturerModel": "1557998"
    },
    "images": {
      "thumbnail": "https://boots.scene7.com/is/image/Boots/10337655?wid=45&hei=60&op_sharpen=1"
    },
    "offers": [
      {
        "text": "Save up to 25 percent across selected Premium Beauty"
      }
    ],
    "actions": {},
    "iconUri": "https://boots.scene7.com/is/image/Boots/10337655?op_sharpen=1",
    "title": "Estée Lauder Radiant Mirage Eau de Parfum Refill 100ml",
    "referenceUri": "/est%C3%A9e-lauder-radiant-mirage-eau-de-parfum-refill-100ml-10337655",
    "canAddToBasket": "yes",
    "opticians": false,
    "inStock": false,
    "expressDelivery": false,
    "hasOtherPromotion": true,
    "channelPromotionalTextMap": {
      "-1": [
        "Save up to 25 percent across selected Premium Beauty"
      ],
      "-6": [
        "Save up to 25 percent across selected Premium Beauty"
      ]
    },
    "adCardPoints": 252
  },
  {
    "_id": {
      "$oid": "65ec108d9884656b92f55a0e"
    },
    "ppuQuantity": "100ML",
    "pricing": {
      "perUnit": "£84.00 per 100ML",
      "regular": {
        "value": 105,
        "currency": "GBP",
        "text": "£105.00"
      },
      "current": {
        "value": 84,
        "currency": "GBP",
        "text": "£84.00"
      },
      "saving": {
        "value": 21,
        "currency": "GBP",
        "text": "£21.00"
      }
    },
    "objectId": "2908603",
    "brand": "Estee Lauder",
    "attributes": {
      "fragrance_scent": "floral",
      "product_type": "perfume",
      "size": "71-100",
      "StockOverrideMessage": "STOCK_COMING_SOON",
      "fragrance_type": "eau de parfum",
      "hasPriceAdvantageDeal": false,
      "ProductReviewFlag": "1"
    },
    "variants": {
      "colours": [],
      "hasColours": false,
      "hasSizes": false
    },
    "categories": [
      [
        {
          "name": "new in",
          "label": "new in"
        },
        {
          "name": "fragrance",
          "label": "fragrance"
        },
        {
          "name": "gift",
          "label": "gift"
        },
        {
          "name": "wellness",
          "label": "wellness"
        }
      ],
      [
        {
          "name": "new in fragrance",
          "label": "new in > new in fragrance"
        },
        {
          "name": "perfume",
          "label": "fragrance > perfume"
        },
        {
          "name": "gifts for her",
          "label": "gift > gifts for her"
        },
        {
          "name": "sustainability at Boots",
          "label": "wellness > sustainability at Boots"
        },
        {
          "name": "new in fragrance",
          "label": "fragrance > new in fragrance"
        },
        {
          "name": "brands",
          "label": "fragrance > brands"
        }
      ],
      [
        {
          "name": "all perfumes",
          "label": "fragrance > perfume > all perfumes"
        },
        {
          "name": "floral perfume",
          "label": "fragrance > perfume > floral perfume"
        },
        {
          "name": "perfume refill bottles",
          "label": "fragrance > perfume > perfume refill bottles"
        },
        {
          "name": "all perfumes",
          "label": "gift > gifts for her > all perfumes"
        },
        {
          "name": "reuse ready",
          "label": "wellness > sustainability at Boots > reuse ready"
        }
      ]
    ],
    "reviews": {
      "average": null,
      "count": null,
      "rounded": null
    },
    "parent": {
      "product": "2908602",
      "partNumber": "10337654.P",
      "model": "10337654",
      "manufacturerModel": "1556649"
    },
    "images": {
      "thumbnail": "https://boots.scene7.com/is/image/Boots/10337654?wid=45&hei=60&op_sharpen=1"
    },
    "offers": [
      {
        "text": "Save up to 25 percent across selected Premium Beauty"
      }
    ],
    "actions": {},
    "iconUri": "https://boots.scene7.com/is/image/Boots/10337654?op_sharpen=1",
    "title": "Estée Lauder Desert Eden Eau de Parfum Refill 100ml",
    "referenceUri": "/est%C3%A9e-lauder-desert-eden-eau-de-parfum-refill-100ml-10337654",
    "canAddToBasket": "yes",
    "opticians": false,
    "inStock": false,
    "expressDelivery": false,
    "hasOtherPromotion": true,
    "channelPromotionalTextMap": {
      "-1": [
        "Save up to 25 percent across selected Premium Beauty"
      ],
      "-6": [
        "Save up to 25 percent across selected Premium Beauty"
      ]
    },
    "adCardPoints": 252
  },
  {
    "_id": {
      "$oid": "65ec108d9884656b92f55a0f"
    },
    "ppuQuantity": "100ML",
    "pricing": {
      "perUnit": "£84.00 per 100ML",
      "regular": {
        "value": 105,
        "currency": "GBP",
        "text": "£105.00"
      },
      "current": {
        "value": 84,
        "currency": "GBP",
        "text": "£84.00"
      },
      "saving": {
        "value": 21,
        "currency": "GBP",
        "text": "£21.00"
      }
    },
    "objectId": "2908601",
    "brand": "Estee Lauder",
    "attributes": {
      "fragrance_scent": "vanilla",
      "product_type": "perfume",
      "size": "71-100",
      "StockOverrideMessage": "STOCK_COMING_SOON",
      "fragrance_type": "eau de parfum",
      "hasPriceAdvantageDeal": false,
      "ProductReviewFlag": "1"
    },
    "variants": {
      "colours": [],
      "hasColours": false,
      "hasSizes": false
    },
    "categories": [
      [
        {
          "name": "new in",
          "label": "new in"
        },
        {
          "name": "fragrance",
          "label": "fragrance"
        },
        {
          "name": "gift",
          "label": "gift"
        },
        {
          "name": "wellness",
          "label": "wellness"
        }
      ],
      [
        {
          "name": "new in fragrance",
          "label": "new in > new in fragrance"
        },
        {
          "name": "perfume",
          "label": "fragrance > perfume"
        },
        {
          "name": "gifts for her",
          "label": "gift > gifts for her"
        },
        {
          "name": "sustainability at Boots",
          "label": "wellness > sustainability at Boots"
        },
        {
          "name": "new in fragrance",
          "label": "fragrance > new in fragrance"
        },
        {
          "name": "brands",
          "label": "fragrance > brands"
        }
      ],
      [
        {
          "name": "all perfumes",
          "label": "fragrance > perfume > all perfumes"
        },
        {
          "name": "vanilla perfume",
          "label": "fragrance > perfume > vanilla perfume"
        },
        {
          "name": "perfume refill bottles",
          "label": "fragrance > perfume > perfume refill bottles"
        },
        {
          "name": "all perfumes",
          "label": "gift > gifts for her > all perfumes"
        },
        {
          "name": "reuse ready",
          "label": "wellness > sustainability at Boots > reuse ready"
        }
      ]
    ],
    "reviews": {
      "average": null,
      "count": null,
      "rounded": null
    },
    "parent": {
      "product": "2908600",
      "partNumber": "10337653.P",
      "model": "10337653",
      "manufacturerModel": "1556630"
    },
    "images": {
      "thumbnail": "https://boots.scene7.com/is/image/Boots/10337653?wid=45&hei=60&op_sharpen=1"
    },
    "offers": [
      {
        "text": "Save up to 25 percent across selected Premium Beauty"
      }
    ],
    "actions": {},
    "iconUri": "https://boots.scene7.com/is/image/Boots/10337653?op_sharpen=1",
    "title": "Estée Lauder Infinite Sky Eau de Parfum Refill 100ml",
    "referenceUri": "/est%C3%A9e-lauder-infinite-sky-eau-de-parfum-refill-100ml-10337653",
    "canAddToBasket": "yes",
    "opticians": false,
    "inStock": false,
    "expressDelivery": false,
    "hasOtherPromotion": true,
    "channelPromotionalTextMap": {
      "-1": [
        "Save up to 25 percent across selected Premium Beauty"
      ],
      "-6": [
        "Save up to 25 percent across selected Premium Beauty"
      ]
    },
    "adCardPoints": 252
  },
  {
    "_id": {
      "$oid": "65ec108d9884656b92f55a10"
    },
    "ppuQuantity": "40ML",
    "pricing": {
      "perUnit": "£156.00 per 100ML",
      "regular": {
        "value": 78,
        "currency": "GBP",
        "text": "£78.00"
      },
      "current": {
        "value": 62.4,
        "currency": "GBP",
        "text": "£62.40"
      },
      "saving": {
        "value": 15.6,
        "currency": "GBP",
        "text": "£15.60"
      }
    },
    "objectId": "2908599",
    "brand": "Estee Lauder",
    "attributes": {
      "fragrance_scent": "floral",
      "product_type": "perfume",
      "size": "71-100",
      "StockOverrideMessage": "STOCK_COMING_SOON",
      "fragrance_type": "eau de parfum",
      "hasPriceAdvantageDeal": false,
      "ProductReviewFlag": "1"
    },
    "variants": {
      "colours": [],
      "hasColours": false,
      "hasSizes": false
    },
    "categories": [
      [
        {
          "name": "new in",
          "label": "new in"
        },
        {
          "name": "fragrance",
          "label": "fragrance"
        },
        {
          "name": "gift",
          "label": "gift"
        },
        {
          "name": "wellness",
          "label": "wellness"
        }
      ],
      [
        {
          "name": "new in fragrance",
          "label": "new in > new in fragrance"
        },
        {
          "name": "perfume",
          "label": "fragrance > perfume"
        },
        {
          "name": "gifts for her",
          "label": "gift > gifts for her"
        },
        {
          "name": "sustainability at Boots",
          "label": "wellness > sustainability at Boots"
        },
        {
          "name": "new in fragrance",
          "label": "fragrance > new in fragrance"
        },
        {
          "name": "brands",
          "label": "fragrance > brands"
        }
      ],
      [
        {
          "name": "all perfumes",
          "label": "fragrance > perfume > all perfumes"
        },
        {
          "name": "floral perfume",
          "label": "fragrance > perfume > floral perfume"
        },
        {
          "name": "perfume refill bottles",
          "label": "fragrance > perfume > perfume refill bottles"
        },
        {
          "name": "all perfumes",
          "label": "gift > gifts for her > all perfumes"
        },
        {
          "name": "reuse ready",
          "label": "wellness > sustainability at Boots > reuse ready"
        }
      ]
    ],
    "reviews": {
      "average": null,
      "count": null,
      "rounded": null
    },
    "parent": {
      "product": "2908598",
      "partNumber": "10337652.P",
      "model": "10337652",
      "manufacturerModel": "1556339"
    },
    "images": {
      "thumbnail": "https://boots.scene7.com/is/image/Boots/10337652?wid=45&hei=60&op_sharpen=1"
    },
    "offers": [
      {
        "text": "Save up to 25 percent across selected Premium Beauty"
      }
    ],
    "actions": {},
    "iconUri": "https://boots.scene7.com/is/image/Boots/10337652?op_sharpen=1",
    "title": "Estée Lauder Refillable Infinite Sky Eau de Parfum 40ml",
    "referenceUri": "/est%C3%A9e-lauder-refillable-infinite-sky-eau-de-parfum-40ml-10337652",
    "canAddToBasket": "yes",
    "opticians": false,
    "inStock": false,
    "expressDelivery": false,
    "hasOtherPromotion": true,
    "channelPromotionalTextMap": {
      "-1": [
        "Save up to 25 percent across selected Premium Beauty"
      ],
      "-6": [
        "Save up to 25 percent across selected Premium Beauty"
      ]
    },
    "adCardPoints": 186
  },
  {
    "_id": {
      "$oid": "65ec108d9884656b92f55a11"
    },
    "ppuQuantity": "40ML",
    "pricing": {
      "perUnit": "£156.00 per 100ML",
      "regular": {
        "value": 78,
        "currency": "GBP",
        "text": "£78.00"
      },
      "current": {
        "value": 62.4,
        "currency": "GBP",
        "text": "£62.40"
      },
      "saving": {
        "value": 15.6,
        "currency": "GBP",
        "text": "£15.60"
      }
    },
    "objectId": "2908597",
    "brand": "Estee Lauder",
    "attributes": {
      "hasPriceAdvantageDeal": false
    },
    "variants": {
      "colours": [],
      "hasColours": false,
      "hasSizes": false
    },
    "categories": [
      [
        {
          "name": "new in",
          "label": "new in"
        },
        {
          "name": "fragrance",
          "label": "fragrance"
        },
        {
          "name": "gift",
          "label": "gift"
        }
      ],
      [
        {
          "name": "new in fragrance",
          "label": "new in > new in fragrance"
        },
        {
          "name": "perfume",
          "label": "fragrance > perfume"
        },
        {
          "name": "gifts for her",
          "label": "gift > gifts for her"
        },
        {
          "name": "new in fragrance",
          "label": "fragrance > new in fragrance"
        }
      ],
      [
        {
          "name": "all perfumes",
          "label": "fragrance > perfume > all perfumes"
        },
        {
          "name": "perfume refill bottles",
          "label": "fragrance > perfume > perfume refill bottles"
        },
        {
          "name": "all perfumes",
          "label": "gift > gifts for her > all perfumes"
        }
      ]
    ],
    "reviews": {
      "average": null,
      "count": null,
      "rounded": null
    },
    "parent": {
      "product": "2908596",
      "partNumber": "10337651.P",
      "model": "10337651",
      "manufacturerModel": "1556231"
    },
    "images": {
      "thumbnail": "https://boots.scene7.com/is/image/Boots/10337651?wid=45&hei=60&op_sharpen=1"
    },
    "offers": [
      {
        "text": "Save up to 25 percent across selected Premium Beauty"
      }
    ],
    "actions": {},
    "iconUri": "https://boots.scene7.com/is/image/Boots/10337651?op_sharpen=1",
    "title": "Estée Lauder Refillable Desert Eden Eau de Parfum 40ml",
    "referenceUri": "/est%C3%A9e-lauder-refillable-desert-eden-eau-de-parfum-40ml-10337651p",
    "canAddToBasket": "yes",
    "opticians": false,
    "inStock": false,
    "expressDelivery": false,
    "hasOtherPromotion": true,
    "channelPromotionalTextMap": {
      "-1": [
        "Save up to 25 percent across selected Premium Beauty"
      ],
      "-6": [
        "Save up to 25 percent across selected Premium Beauty"
      ]
    },
    "adCardPoints": 186
  },
  {
    "_id": {
      "$oid": "65ec108d9884656b92f55a12"
    },
    "ppuQuantity": "40ML",
    "pricing": {
      "perUnit": "£156.00 per 100ML",
      "regular": {
        "value": 78,
        "currency": "GBP",
        "text": "£78.00"
      },
      "current": {
        "value": 62.4,
        "currency": "GBP",
        "text": "£62.40"
      },
      "saving": {
        "value": 15.6,
        "currency": "GBP",
        "text": "£15.60"
      }
    },
    "objectId": "2908595",
    "brand": "Estee Lauder",
    "attributes": {
      "hasPriceAdvantageDeal": false,
      "product_type": "perfume",
      "size": "71-100",
      "StockOverrideMessage": "STOCK_COMING_SOON",
      "ProductReviewFlag": "1"
    },
    "variants": {
      "colours": [],
      "hasColours": false,
      "hasSizes": false
    },
    "categories": [
      [
        {
          "name": "fragrance",
          "label": "fragrance"
        },
        {
          "name": "gift",
          "label": "gift"
        },
        {
          "name": "wellness",
          "label": "wellness"
        }
      ],
      [
        {
          "name": "brands",
          "label": "fragrance > brands"
        },
        {
          "name": "perfume",
          "label": "fragrance > perfume"
        },
        {
          "name": "gifts for her",
          "label": "gift > gifts for her"
        },
        {
          "name": "sustainability at Boots",
          "label": "wellness > sustainability at Boots"
        }
      ],
      [
        {
          "name": "all perfumes",
          "label": "fragrance > perfume > all perfumes"
        },
        {
          "name": "perfume refill bottles",
          "label": "fragrance > perfume > perfume refill bottles"
        },
        {
          "name": "all perfumes",
          "label": "gift > gifts for her > all perfumes"
        },
        {
          "name": "reuse ready",
          "label": "wellness > sustainability at Boots > reuse ready"
        }
      ]
    ],
    "reviews": {
      "average": null,
      "count": null,
      "rounded": null
    },
    "parent": {
      "product": "2908594",
      "partNumber": "10337650.P",
      "model": "10337650",
      "manufacturerModel": "1556142"
    },
    "images": {
      "thumbnail": "https://boots.scene7.com/is/image/Boots/10337650?wid=45&hei=60&op_sharpen=1"
    },
    "offers": [
      {
        "text": "Save up to 25 percent across selected Premium Beauty"
      }
    ],
    "actions": {},
    "iconUri": "https://boots.scene7.com/is/image/Boots/10337650?op_sharpen=1",
    "title": "Estée Lauder Refillable Radiant Mirage Eau de Parfum 40ml",
    "referenceUri": "/est%C3%A9e-lauder-refillable-radiant-mirage-eau-de-parfum-40ml-10337650",
    "canAddToBasket": "yes",
    "opticians": false,
    "inStock": false,
    "expressDelivery": false,
    "hasOtherPromotion": true,
    "channelPromotionalTextMap": {
      "-1": [
        "Save up to 25 percent across selected Premium Beauty"
      ],
      "-6": [
        "Save up to 25 percent across selected Premium Beauty"
      ]
    },
    "adCardPoints": 186
  },
  {
    "_id": {
      "$oid": "65ec108d9884656b92f55a13"
    },
    "ppuQuantity": "100ML",
    "pricing": {
      "perUnit": "£112.00 per 100ML",
      "regular": {
        "value": 140,
        "currency": "GBP",
        "text": "£140.00"
      },
      "current": {
        "value": 112,
        "currency": "GBP",
        "text": "£112.00"
      },
      "saving": {
        "value": 28,
        "currency": "GBP",
        "text": "£28.00"
      }
    },
    "objectId": "2908593",
    "brand": "Estee Lauder",
    "attributes": {
      "fragrance_scent": "vanilla",
      "product_type": "perfume",
      "size": "71-100",
      "StockOverrideMessage": "STOCK_COMING_SOON",
      "fragrance_type": "eau de parfum",
      "hasPriceAdvantageDeal": false,
      "ProductReviewFlag": "1"
    },
    "variants": {
      "colours": [],
      "hasColours": false,
      "hasSizes": false
    },
    "categories": [
      [
        {
          "name": "new in",
          "label": "new in"
        },
        {
          "name": "fragrance",
          "label": "fragrance"
        },
        {
          "name": "gift",
          "label": "gift"
        },
        {
          "name": "wellness",
          "label": "wellness"
        }
      ],
      [
        {
          "name": "new in fragrance",
          "label": "new in > new in fragrance"
        },
        {
          "name": "perfume",
          "label": "fragrance > perfume"
        },
        {
          "name": "gifts for her",
          "label": "gift > gifts for her"
        },
        {
          "name": "sustainability at Boots",
          "label": "wellness > sustainability at Boots"
        },
        {
          "name": "luxury fragrance",
          "label": "fragrance > luxury fragrance"
        },
        {
          "name": "new in fragrance",
          "label": "fragrance > new in fragrance"
        },
        {
          "name": "brands",
          "label": "fragrance > brands"
        }
      ],
      [
        {
          "name": "all perfumes",
          "label": "fragrance > perfume > all perfumes"
        },
        {
          "name": "vanilla perfume",
          "label": "fragrance > perfume > vanilla perfume"
        },
        {
          "name": "perfume refill bottles",
          "label": "fragrance > perfume > perfume refill bottles"
        },
        {
          "name": "all perfumes",
          "label": "gift > gifts for her > all perfumes"
        },
        {
          "name": "reuse ready",
          "label": "wellness > sustainability at Boots > reuse ready"
        }
      ]
    ],
    "reviews": {
      "average": null,
      "count": null,
      "rounded": null
    },
    "parent": {
      "product": "2908592",
      "partNumber": "10337649.P",
      "model": "10337649",
      "manufacturerModel": "1555227"
    },
    "images": {
      "thumbnail": "https://boots.scene7.com/is/image/Boots/10337649?wid=45&hei=60&op_sharpen=1"
    },
    "offers": [
      {
        "text": "Save up to 25 percent across selected Premium Beauty"
      }
    ],
    "actions": {},
    "iconUri": "https://boots.scene7.com/is/image/Boots/10337649?op_sharpen=1",
    "title": "Estée Lauder Refillable Infinite Sky Eau de Parfum 100ml",
    "referenceUri": "/est%C3%A9e-lauder-refillable-infinite-sky-eau-de-parfum-100ml-10337649",
    "canAddToBasket": "yes",
    "opticians": false,
    "inStock": false,
    "expressDelivery": false,
    "hasOtherPromotion": true,
    "channelPromotionalTextMap": {
      "-1": [
        "Save up to 25 percent across selected Premium Beauty"
      ],
      "-6": [
        "Save up to 25 percent across selected Premium Beauty"
      ]
    },
    "adCardPoints": 336
  },
  {
    "_id": {
      "$oid": "65ec108d9884656b92f55a14"
    },
    "ppuQuantity": null,
    "pricing": {
      "perUnit": "",
      "regular": {
        "value": 90,
        "currency": "GBP",
        "text": "£90.00"
      },
      "current": {
        "value": 45,
        "currency": "GBP",
        "text": "£45.00"
      },
      "saving": {
        "value": 45,
        "currency": "GBP",
        "text": "£45.00"
      }
    },
    "objectId": "2864230",
    "brand": "Dolce & Gabbana",
    "attributes": {
      "fragrance_scent": "citrus",
      "product_type": "perfume",
      "gender": "womens",
      "StockOverrideMessage": "STOCK_COMING_SOON",
      "recipient": [
        "secret santa",
        "gifts for women"
      ],
      "fragrance_type": "eau de parfum",
      "hasPriceAdvantageDeal": false,
      "gift_type": [
        "premium beauty gifts",
        "fragrance gifts",
        "stocking fillers",
        "fragrance gift sets"
      ],
      "ProductReviewFlag": "1"
    },
    "variants": {
      "colours": [],
      "hasColours": false,
      "hasSizes": false
    },
    "categories": [
      [
        {
          "name": "new in",
          "label": "new in"
        },
        {
          "name": "beauty & skincare",
          "label": "beauty & skincare"
        },
        {
          "name": "fragrance",
          "label": "fragrance"
        },
        {
          "name": "gift",
          "label": "gift"
        }
      ],
      [
        {
          "name": "new in fragrance",
          "label": "new in > new in fragrance"
        },
        {
          "name": "premium beauty & skincare",
          "label": "beauty & skincare > premium beauty & skincare"
        },
        {
          "name": "perfume",
          "label": "fragrance > perfume"
        },
        {
          "name": "fragrance gift sets",
          "label": "fragrance > fragrance gift sets"
        },
        {
          "name": "gifts for her",
          "label": "gift > gifts for her"
        },
        {
          "name": "new in fragrance",
          "label": "fragrance > new in fragrance"
        },
        {
          "name": "luxury gifts",
          "label": "gift > luxury gifts"
        }
      ],
      [
        {
          "name": "premium beauty gifts",
          "label": "beauty & skincare > premium beauty & skincare > premium beauty gifts"
        },
        {
          "name": "perfume gift sets",
          "label": "fragrance > perfume > perfume gift sets"
        },
        {
          "name": "all perfumes",
          "label": "fragrance > perfume > all perfumes"
        },
        {
          "name": "perfume gift sets",
          "label": "fragrance > fragrance gift sets > perfume gift sets"
        },
        {
          "name": "premium beauty gifts",
          "label": "gift > gifts for her > premium beauty gifts"
        },
        {
          "name": "all perfumes",
          "label": "gift > gifts for her > all perfumes"
        }
      ]
    ],
    "reviews": {
      "average": null,
      "count": null,
      "rounded": null
    },
    "parent": {
      "product": "2864229",
      "partNumber": "10332165.P",
      "model": "10332165",
      "manufacturerModel": "5745128"
    },
    "images": {
      "thumbnail": "https://boots.scene7.com/is/image/Boots/10332165?wid=45&hei=60&op_sharpen=1"
    },
    "offers": [
      {
        "text": "1/2 price on selected fragrance gift sets"
      }
    ],
    "actions": {},
    "iconUri": "https://boots.scene7.com/is/image/Boots/10332165?op_sharpen=1",
    "title": "Dolce&Gabbana Q Eau de Parfum Gift Set",
    "referenceUri": "/dolceandgabbana-q-eau-de-parfum-gift-set-10332165",
    "canAddToBasket": "yes",
    "opticians": false,
    "inStock": false,
    "expressDelivery": false,
    "hasOtherPromotion": true,
    "channelPromotionalTextMap": {
      "-1": [
        "1/2 price on selected fragrance gift sets"
      ],
      "-6": [
        "1/2 price on selected fragrance gift sets"
      ]
    },
    "adCardPoints": 135
  },
  {
    "_id": {
      "$oid": "65ec108d9884656b92f55a15"
    },
    "ppuQuantity": null,
    "pricing": {
      "perUnit": "",
      "regular": {
        "value": 35,
        "currency": "GBP",
        "text": "£35.00"
      },
      "current": {
        "value": 10.5,
        "currency": "GBP",
        "text": "£10.50"
      },
      "saving": {
        "value": 24.5,
        "currency": "GBP",
        "text": "£24.50"
      }
    },
    "objectId": "2853141",
    "brand": "Jennifer Lopez",
    "attributes": {
      "fragrance_scent": "fruity",
      "product_type": "perfume",
      "StockOverrideMessage": "STOCK_COMING_SOON",
      "gender": "womens",
      "fragrance_type": "eau de toilette",
      "recipient": [
        "gifts for women",
        "secret santa"
      ],
      "hasPriceAdvantageDeal": false,
      "gift_type": [
        "stocking fillers",
        "fragrance gifts"
      ],
      "key_features": "cruelty-free",
      "ProductReviewFlag": "1"
    },
    "variants": {
      "colours": [],
      "hasColours": false,
      "hasSizes": false
    },
    "categories": [
      [
        {
          "name": "fragrance",
          "label": "fragrance"
        },
        {
          "name": "gift",
          "label": "gift"
        }
      ],
      [
        {
          "name": "perfume",
          "label": "fragrance > perfume"
        },
        {
          "name": "fragrance gift sets",
          "label": "fragrance > fragrance gift sets"
        },
        {
          "name": "gifts for her",
          "label": "gift > gifts for her"
        },
        {
          "name": "luxury fragrance",
          "label": "fragrance > luxury fragrance"
        },
        {
          "name": "luxury gifts",
          "label": "gift > luxury gifts"
        },
        {
          "name": "all gifts",
          "label": "gift > all gifts"
        }
      ],
      [
        {
          "name": "perfume gift sets",
          "label": "fragrance > perfume > perfume gift sets"
        },
        {
          "name": "all perfumes",
          "label": "fragrance > perfume > all perfumes"
        },
        {
          "name": "perfume gift sets",
          "label": "fragrance > fragrance gift sets > perfume gift sets"
        },
        {
          "name": "all perfumes",
          "label": "gift > gifts for her > all perfumes"
        }
      ]
    ],
    "reviews": {
      "average": null,
      "count": null,
      "rounded": null
    },
    "parent": {
      "product": "2853140",
      "partNumber": "10330707.P",
      "model": "10330707",
      "manufacturerModel": "5719003"
    },
    "images": {
      "thumbnail": "https://boots.scene7.com/is/image/Boots/10330707?wid=45&hei=60&op_sharpen=1"
    },
    "offers": [
      {
        "text": "Better than 1/2 price on selected fragrance gift sets"
      }
    ],
    "actions": {},
    "iconUri": "https://boots.scene7.com/is/image/Boots/10330707?op_sharpen=1",
    "title": "Jennifer Lopez One Eau de Parfum 50ml Gift Set",
    "referenceUri": "/jennifer-lopez-one-50ml-gift-set-10330707",
    "canAddToBasket": "yes",
    "opticians": false,
    "inStock": false,
    "expressDelivery": false,
    "hasOtherPromotion": true,
    "channelPromotionalTextMap": {
      "-1": [
        "Better than 1/2 price on selected fragrance gift sets"
      ],
      "-6": [
        "Better than 1/2 price on selected fragrance gift sets"
      ]
    },
    "adCardPoints": 30
  },
  {
    "_id": {
      "$oid": "65ec108d9884656b92f55a16"
    },
    "ppuQuantity": null,
    "pricing": {
      "perUnit": "",
      "regular": {
        "value": 35,
        "currency": "GBP",
        "text": "£35.00"
      },
      "current": {
        "value": 17.5,
        "currency": "GBP",
        "text": "£17.50"
      },
      "saving": {
        "value": 17.5,
        "currency": "GBP",
        "text": "£17.50"
      }
    },
    "objectId": "2852283",
    "brand": "Ariana Grande",
    "attributes": {
      "fragrance_scent": "fruity",
      "product_type": "perfume",
      "StockOverrideMessage": "STOCK_COMING_SOON",
      "gender": "womens",
      "recipient": [
        "gifts for women",
        "secret santa"
      ],
      "fragrance_type": "eau de parfum",
      "hasPriceAdvantageDeal": false,
      "gift_type": [
        "fragrance gifts",
        "stocking fillers"
      ],
      "key_features": "cruelty-free",
      "ProductReviewFlag": "1"
    },
    "variants": {
      "colours": [],
      "hasColours": false,
      "hasSizes": false
    },
    "categories": [
      [
        {
          "name": "fragrance",
          "label": "fragrance"
        },
        {
          "name": "gift",
          "label": "gift"
        }
      ],
      [
        {
          "name": "perfume",
          "label": "fragrance > perfume"
        },
        {
          "name": "fragrance gift sets",
          "label": "fragrance > fragrance gift sets"
        },
        {
          "name": "gifts for her",
          "label": "gift > gifts for her"
        },
        {
          "name": "luxury fragrance",
          "label": "fragrance > luxury fragrance"
        },
        {
          "name": "luxury gifts",
          "label": "gift > luxury gifts"
        },
        {
          "name": "all gifts",
          "label": "gift > all gifts"
        }
      ],
      [
        {
          "name": "perfume gift sets",
          "label": "fragrance > perfume > perfume gift sets"
        },
        {
          "name": "all perfumes",
          "label": "fragrance > perfume > all perfumes"
        },
        {
          "name": "perfume gift sets",
          "label": "fragrance > fragrance gift sets > perfume gift sets"
        },
        {
          "name": "all perfumes",
          "label": "gift > gifts for her > all perfumes"
        }
      ]
    ],
    "reviews": {
      "average": null,
      "count": null,
      "rounded": null
    },
    "parent": {
      "product": "2852282",
      "partNumber": "10330626.P",
      "model": "10330626",
      "manufacturerModel": "5716489"
    },
    "images": {
      "thumbnail": "https://boots.scene7.com/is/image/Boots/10330626?wid=45&hei=60&op_sharpen=1"
    },
    "offers": [
      {
        "text": "1/2 price on selected fragrance gift sets"
      }
    ],
    "actions": {},
    "iconUri": "https://boots.scene7.com/is/image/Boots/10330626?op_sharpen=1",
    "title": "Ariana Grande Thank U Next 30ml Gift Set ",
    "referenceUri": "/ariana-grande-thank-u-next-30ml-gift-set--10330626",
    "canAddToBasket": "yes",
    "opticians": false,
    "inStock": false,
    "expressDelivery": false,
    "hasOtherPromotion": true,
    "channelPromotionalTextMap": {
      "-1": [
        "1/2 price on selected fragrance gift sets"
      ],
      "-6": [
        "1/2 price on selected fragrance gift sets"
      ]
    },
    "adCardPoints": 51
  },
  {
    "_id": {
      "$oid": "65ec108d9884656b92f55a17"
    },
    "ppuQuantity": null,
    "pricing": {
      "perUnit": "",
      "regular": {
        "value": 35,
        "currency": "GBP",
        "text": "£35.00"
      },
      "current": {
        "value": 17.5,
        "currency": "GBP",
        "text": "£17.50"
      },
      "saving": {
        "value": 17.5,
        "currency": "GBP",
        "text": "£17.50"
      }
    },
    "objectId": "2852279",
    "brand": "Ariana Grande",
    "attributes": {
      "fragrance_scent": "floral",
      "product_type": "perfume",
      "StockOverrideMessage": "STOCK_COMING_SOON",
      "gender": "womens",
      "recipient": [
        "gifts for women",
        "secret santa"
      ],
      "fragrance_type": "eau de parfum",
      "hasPriceAdvantageDeal": false,
      "gift_type": "fragrance gifts",
      "key_features": "cruelty-free",
      "ProductReviewFlag": "1"
    },
    "variants": {
      "colours": [],
      "hasColours": false,
      "hasSizes": false
    },
    "categories": [
      [
        {
          "name": "fragrance",
          "label": "fragrance"
        },
        {
          "name": "gift",
          "label": "gift"
        }
      ],
      [
        {
          "name": "perfume",
          "label": "fragrance > perfume"
        },
        {
          "name": "fragrance gift sets",
          "label": "fragrance > fragrance gift sets"
        },
        {
          "name": "gifts for her",
          "label": "gift > gifts for her"
        },
        {
          "name": "luxury fragrance",
          "label": "fragrance > luxury fragrance"
        },
        {
          "name": "luxury gifts",
          "label": "gift > luxury gifts"
        },
        {
          "name": "all gifts",
          "label": "gift > all gifts"
        }
      ],
      [
        {
          "name": "perfume gift sets",
          "label": "fragrance > perfume > perfume gift sets"
        },
        {
          "name": "all perfumes",
          "label": "fragrance > perfume > all perfumes"
        },
        {
          "name": "perfume gift sets",
          "label": "fragrance > fragrance gift sets > perfume gift sets"
        },
        {
          "name": "all perfumes",
          "label": "gift > gifts for her > all perfumes"
        }
      ]
    ],
    "reviews": {
      "average": null,
      "count": null,
      "rounded": null
    },
    "parent": {
      "product": "2852278",
      "partNumber": "10330627.P",
      "model": "10330627",
      "manufacturerModel": "5716497"
    },
    "images": {
      "thumbnail": "https://boots.scene7.com/is/image/Boots/10330627?wid=45&hei=60&op_sharpen=1"
    },
    "offers": [
      {
        "text": "1/2 price on selected fragrance gift sets"
      }
    ],
    "actions": {},
    "iconUri": "https://boots.scene7.com/is/image/Boots/10330627?op_sharpen=1",
    "title": "Ariana Grande R.E.M. 30ml Gift Set ",
    "referenceUri": "/ariana-grande-rem-30ml-gift-set--10330627",
    "canAddToBasket": "yes",
    "opticians": false,
    "inStock": false,
    "expressDelivery": false,
    "hasOtherPromotion": true,
    "channelPromotionalTextMap": {
      "-1": [
        "1/2 price on selected fragrance gift sets"
      ],
      "-6": [
        "1/2 price on selected fragrance gift sets"
      ]
    },
    "adCardPoints": 51
  },
  {
    "_id": {
      "$oid": "65ec108d9884656b92f55a18"
    },
    "ppuQuantity": null,
    "pricing": {
      "perUnit": "",
      "regular": {
        "value": 90.5,
        "currency": "GBP",
        "text": "£90.50"
      },
      "current": {
        "value": 45.25,
        "currency": "GBP",
        "text": "£45.25"
      },
      "saving": {
        "value": 45.25,
        "currency": "GBP",
        "text": "£45.25"
      }
    },
    "objectId": "2850605",
    "brand": "Givenchy",
    "attributes": {
      "fragrance_scent": "floral",
      "product_type": "gift set",
      "StockOverrideMessage": "STOCK_COMING_SOON",
      "gender": "womens",
      "fragrance_type": "eau de parfum",
      "recipient": [
        "gifts for women",
        "secret santa"
      ],
      "hasPriceAdvantageDeal": false,
      "gift_type": [
        "fragrance gifts",
        "stocking fillers",
        "fragrance gift sets"
      ],
      "ProductReviewFlag": "1"
    },
    "variants": {
      "colours": [],
      "hasColours": false,
      "hasSizes": false
    },
    "categories": [
      [
        {
          "name": "fragrance",
          "label": "fragrance"
        },
        {
          "name": "gift",
          "label": "gift"
        }
      ],
      [
        {
          "name": "perfume",
          "label": "fragrance > perfume"
        },
        {
          "name": "fragrance gift sets",
          "label": "fragrance > fragrance gift sets"
        },
        {
          "name": "gifts for her",
          "label": "gift > gifts for her"
        },
        {
          "name": "luxury fragrance",
          "label": "fragrance > luxury fragrance"
        },
        {
          "name": "luxury gifts",
          "label": "gift > luxury gifts"
        },
        {
          "name": "all gifts",
          "label": "gift > all gifts"
        }
      ],
      [
        {
          "name": "perfume gift sets",
          "label": "fragrance > perfume > perfume gift sets"
        },
        {
          "name": "all perfumes",
          "label": "fragrance > perfume > all perfumes"
        },
        {
          "name": "perfume gift sets",
          "label": "fragrance > fragrance gift sets > perfume gift sets"
        },
        {
          "name": "all perfumes",
          "label": "gift > gifts for her > all perfumes"
        }
      ]
    ],
    "reviews": {
      "average": null,
      "count": null,
      "rounded": null
    },
    "parent": {
      "product": "2850604",
      "partNumber": "10330274.P",
      "model": "10330274",
      "manufacturerModel": "5711800"
    },
    "images": {
      "thumbnail": "https://boots.scene7.com/is/image/Boots/10330274?wid=45&hei=60&op_sharpen=1"
    },
    "offers": [
      {
        "text": "1/2 price on selected fragrance gift sets"
      }
    ],
    "actions": {},
    "iconUri": "https://boots.scene7.com/is/image/Boots/10330274?op_sharpen=1",
    "title": "Givenchy Irresistible Eau De Parfum 50ml With Travel Spray",
    "referenceUri": "/givenchy-irresistible-eau-de-parfum-50ml-with-travel-spray-10330274",
    "canAddToBasket": "yes",
    "opticians": false,
    "inStock": false,
    "expressDelivery": false,
    "hasOtherPromotion": true,
    "channelPromotionalTextMap": {
      "-1": [
        "1/2 price on selected fragrance gift sets"
      ],
      "-6": [
        "1/2 price on selected fragrance gift sets"
      ]
    },
    "adCardPoints": 135
  },
  {
    "_id": {
      "$oid": "65ec108d9884656b92f55a19"
    },
    "ppuQuantity": "100ML",
    "pricing": {
      "perUnit": "£98.00 per 100ML",
      "regular": {
        "value": 98,
        "currency": "GBP",
        "text": "£98.00"
      },
      "current": {
        "value": 98,
        "currency": "GBP",
        "text": "£98.00"
      }
    },
    "objectId": "2812645",
    "brand": "Issey Miyake",
    "attributes": {
      "fragrance_scent": "floral",
      "StockOverrideMessage": "STOCK_COMING_SOON",
      "size": "71-100",
      "gender": "womens",
      "fragrance_type": "eau de toilette",
      "hasPriceAdvantageDeal": false,
      "ProductReviewFlag": "1"
    },
    "variants": {
      "colours": [],
      "hasColours": false,
      "hasSizes": false
    },
    "categories": [
      [
        {
          "name": "fragrance",
          "label": "fragrance"
        },
        {
          "name": "gift",
          "label": "gift"
        }
      ],
      [
        {
          "name": "brands",
          "label": "fragrance > brands"
        },
        {
          "name": "perfume",
          "label": "fragrance > perfume"
        },
        {
          "name": "gifts for her",
          "label": "gift > gifts for her"
        },
        {
          "name": "luxury fragrance",
          "label": "fragrance > luxury fragrance"
        }
      ],
      [
        {
          "name": "all perfumes",
          "label": "fragrance > perfume > all perfumes"
        },
        {
          "name": "floral perfume",
          "label": "fragrance > perfume > floral perfume"
        },
        {
          "name": "all perfumes",
          "label": "gift > gifts for her > all perfumes"
        }
      ]
    ],
    "reviews": {
      "average": null,
      "count": null,
      "rounded": null
    },
    "parent": {
      "product": "2812644",
      "partNumber": "10326253.P",
      "model": "10326253",
      "manufacturerModel": "5435285"
    },
    "images": {
      "thumbnail": "https://boots.scene7.com/is/image/Boots/10326253?wid=45&hei=60&op_sharpen=1"
    },
    "offers": [],
    "actions": {},
    "iconUri": "https://boots.scene7.com/is/image/Boots/10326253?op_sharpen=1",
    "title": "Issey Miyake L'Eau d'Issey Pivonie Pour Femme Eau de Toilette Intense 100ml",
    "referenceUri": "/issey-miyake-leau-issey-pivonie-pour-femme-eau-de-toilette-intense-100ml-10326253",
    "canAddToBasket": "yes",
    "opticians": false,
    "inStock": false,
    "expressDelivery": false,
    "hasOtherPromotion": false,
    "channelPromotionalTextMap": {
      "-1": [],
      "-6": []
    },
    "adCardPoints": 294
  },
  {
    "_id": {
      "$oid": "65ec108d9884656b92f55a1a"
    },
    "ppuQuantity": "35ML",
    "pricing": {
      "perUnit": "£111.71 per 100ML",
      "regular": {
        "value": 46,
        "currency": "GBP",
        "text": "£46.00"
      },
      "current": {
        "value": 39.1,
        "currency": "GBP",
        "text": "£39.10"
      },
      "saving": {
        "value": 6.9,
        "currency": "GBP",
        "text": "£6.90"
      }
    },
    "objectId": "2687135",
    "brand": "Givenchy",
    "attributes": {
      "hasPriceAdvantageDeal": false
    },
    "variants": {
      "colours": [],
      "hasColours": false,
      "hasSizes": false
    },
    "categories": [
      [
        {
          "name": "fragrance",
          "label": "fragrance"
        },
        {
          "name": "gift",
          "label": "gift"
        }
      ],
      [
        {
          "name": "perfume",
          "label": "fragrance > perfume"
        },
        {
          "name": "gifts for her",
          "label": "gift > gifts for her"
        }
      ],
      [
        {
          "name": "all perfumes",
          "label": "fragrance > perfume > all perfumes"
        },
        {
          "name": "all perfumes",
          "label": "gift > gifts for her > all perfumes"
        }
      ]
    ],
    "reviews": {
      "average": null,
      "count": null,
      "rounded": null
    },
    "parent": {
      "product": "2687134",
      "partNumber": "10313403.P",
      "model": "10313403",
      "manufacturerModel": "3064751"
    },
    "images": {
      "thumbnail": "https://boots.scene7.com/is/image/Boots/10313403?wid=45&hei=60&op_sharpen=1"
    },
    "offers": [
      {
        "text": "Save up to 20 percent on selected fragrances"
      }
    ],
    "actions": {},
    "iconUri": "https://boots.scene7.com/is/image/Boots/10313403?op_sharpen=1",
    "title": "Givenchy L'Interdit Eau de Toilette 35ml",
    "referenceUri": "/givenchy-l-interdit-eau-de-toilette-35ml-10313403",
    "canAddToBasket": "yes",
    "opticians": false,
    "inStock": false,
    "expressDelivery": false,
    "hasOtherPromotion": true,
    "channelPromotionalTextMap": {
      "-1": [
        "Save up to 20 percent on selected fragrances"
      ],
      "-6": [
        "Save up to 20 percent on selected fragrances"
      ]
    },
    "adCardPoints": 117
  },
  {
    "_id": {
      "$oid": "65ec108d9884656b92f55a1b"
    },
    "ppuQuantity": "10ML",
    "pricing": {
      "perUnit": "£160.00 per 100ML",
      "regular": {
        "value": 20,
        "currency": "GBP",
        "text": "£20.00"
      },
      "current": {
        "value": 16,
        "currency": "GBP",
        "text": "£16.00"
      },
      "saving": {
        "value": 4,
        "currency": "GBP",
        "text": "£4.00"
      }
    },
    "objectId": "2603607",
    "brand": "Versace",
    "attributes": {
      "fragrance_scent": [
        "woody",
        "floral",
        "musk",
        "fruity"
      ],
      "gender": "womens",
      "size": "71-100",
      "format": "spray",
      "fragrance_type": "eau de toilette",
      "hasPriceAdvantageDeal": false,
      "Reporting_Category": "fragrance",
      "body_area": "body",
      "ProductReviewFlag": "1"
    },
    "variants": {
      "colours": [],
      "hasColours": false,
      "hasSizes": false
    },
    "categories": [
      [
        {
          "name": "fragrance",
          "label": "fragrance"
        },
        {
          "name": "gift",
          "label": "gift"
        }
      ],
      [
        {
          "name": "luxury fragrance",
          "label": "fragrance > luxury fragrance"
        },
        {
          "name": "perfume",
          "label": "fragrance > perfume"
        },
        {
          "name": "gifts for her",
          "label": "gift > gifts for her"
        }
      ],
      [
        {
          "name": "all perfumes",
          "label": "fragrance > perfume > all perfumes"
        },
        {
          "name": "musky perfume",
          "label": "fragrance > perfume > musky perfume"
        },
        {
          "name": "floral perfume",
          "label": "fragrance > perfume > floral perfume"
        },
        {
          "name": "all perfumes",
          "label": "gift > gifts for her > all perfumes"
        }
      ]
    ],
    "reviews": {
      "average": null,
      "count": null,
      "rounded": null
    },
    "parent": {
      "product": "2603606",
      "partNumber": "10301840.P",
      "model": "10301840",
      "manufacturerModel": "7088779"
    },
    "images": {
      "thumbnail": "https://boots.scene7.com/is/image/Boots/10301840?wid=45&hei=60&op_sharpen=1"
    },
    "offers": [
      {
        "text": "Save up to 20 percent on selected fragrances"
      }
    ],
    "actions": {},
    "iconUri": "https://boots.scene7.com/is/image/Boots/10301840?op_sharpen=1",
    "title": "Versace Dylan Turquoise Eau de Toilette 10ml",
    "referenceUri": "/versace-dylan-turquoise-eau-de-toilette-100ml-10301840",
    "canAddToBasket": "yes",
    "opticians": false,
    "inStock": false,
    "expressDelivery": false,
    "hasOtherPromotion": true,
    "channelPromotionalTextMap": {
      "-1": [
        "Save up to 20 percent on selected fragrances"
      ],
      "-6": [
        "Save up to 20 percent on selected fragrances"
      ]
    },
    "adCardPoints": 48
  },
  {
    "_id": {
      "$oid": "65ec108d9884656b92f55a1c"
    },
    "ppuQuantity": "125ML",
    "pricing": {
      "perUnit": "£9.60 per 100ML",
      "regular": {
        "value": 16.99,
        "currency": "GBP",
        "text": "£16.99"
      },
      "current": {
        "value": 12,
        "currency": "GBP",
        "text": "£12.00"
      },
      "saving": {
        "value": 4.99,
        "currency": "GBP",
        "text": "£4.99"
      }
    },
    "objectId": "2368081",
    "brand": "Yardley",
    "attributes": {
      "fragrance_scent": [
        "floral",
        "musk",
        "citrus"
      ],
      "suitable_for": "vegan",
      "size": "101-150",
      "gender": "womens",
      "StockOverrideMessage": "STOCK_COMING_SOON",
      "fragrance_type": "eau de toilette",
      "format": "spray",
      "hasPriceAdvantageDeal": false,
      "ProductReviewFlag": "1"
    },
    "variants": {
      "colours": [],
      "hasColours": false,
      "hasSizes": false
    },
    "categories": [
      [
        {
          "name": "vegan",
          "label": "vegan"
        },
        {
          "name": "fragrance",
          "label": "fragrance"
        },
        {
          "name": "gift",
          "label": "gift"
        },
        {
          "name": "wellness",
          "label": "wellness"
        },
        {
          "name": "beauty & skincare",
          "label": "beauty & skincare"
        }
      ],
      [
        {
          "name": "vegan fragrance",
          "label": "vegan > vegan fragrance"
        },
        {
          "name": "perfume",
          "label": "fragrance > perfume"
        },
        {
          "name": "fragrance offers",
          "label": "fragrance > fragrance offers"
        },
        {
          "name": "gifts for her",
          "label": "gift > gifts for her"
        },
        {
          "name": "vegan",
          "label": "wellness > vegan"
        },
        {
          "name": "vegan beauty",
          "label": "beauty & skincare > vegan beauty"
        },
        {
          "name": "vegan fragrance",
          "label": "fragrance > vegan fragrance"
        },
        {
          "name": "all vegan products",
          "label": "wellness > all vegan products"
        },
        {
          "name": "vegan beauty",
          "label": "vegan > vegan beauty"
        },
        {
          "name": "all vegan products",
          "label": "vegan > all vegan products"
        }
      ],
      [
        {
          "name": "all perfumes",
          "label": "fragrance > perfume > all perfumes"
        },
        {
          "name": "musky perfume",
          "label": "fragrance > perfume > musky perfume"
        },
        {
          "name": "floral perfume",
          "label": "fragrance > perfume > floral perfume"
        },
        {
          "name": "everyday low prices",
          "label": "fragrance > fragrance offers > everyday low prices"
        },
        {
          "name": "all perfumes",
          "label": "gift > gifts for her > all perfumes"
        },
        {
          "name": "vegan beauty",
          "label": "wellness > vegan > vegan beauty"
        },
        {
          "name": "all vegan products",
          "label": "wellness > vegan > all vegan products"
        },
        {
          "name": "vegan fragrance",
          "label": "wellness > vegan > vegan fragrance"
        }
      ]
    ],
    "reviews": {
      "average": 4.1,
      "count": 41,
      "rounded": 4
    },
    "parent": {
      "product": "2368080",
      "partNumber": "10277078.P",
      "model": "10277078",
      "manufacturerModel": "8796882"
    },
    "images": {
      "thumbnail": "https://boots.scene7.com/is/image/Boots/10277078?wid=45&hei=60&op_sharpen=1"
    },
    "offers": [
      {
        "text": "Save up to 1/2 price on selected fragrances"
      }
    ],
    "actions": {},
    "iconUri": "https://boots.scene7.com/is/image/Boots/10277078?op_sharpen=1",
    "title": "Yardley Freesia & Bergamot EDT 125ml",
    "referenceUri": "/yardley-perfume-edt-10277078",
    "canAddToBasket": "yes",
    "opticians": false,
    "inStock": false,
    "expressDelivery": false,
    "hasOtherPromotion": true,
    "channelPromotionalTextMap": {
      "-1": [
        "Save up to 1/2 price on selected fragrances"
      ],
      "-6": [
        "Save up to 1/2 price on selected fragrances"
      ]
    },
    "adCardPoints": 36
  },
  {
    "_id": {
      "$oid": "65ec108d9884656b92f55a1d"
    },
    "ppuQuantity": null,
    "pricing": {
      "perUnit": "",
      "regular": {
        "value": 20,
        "currency": "GBP",
        "text": "£20.00"
      },
      "current": {
        "value": 6,
        "currency": "GBP",
        "text": "£6.00"
      },
      "saving": {
        "value": 14,
        "currency": "GBP",
        "text": "£14.00"
      }
    },
    "objectId": "2714109",
    "brand": "Soulcal",
    "attributes": {
      "product_type": "perfume",
      "StockOverrideMessage": "STOCK_COMING_SOON",
      "gender": "womens",
      "recipient": [
        "gifts for women",
        "secret santa"
      ],
      "fragrance_type": "eau de toilette",
      "hasPriceAdvantageDeal": false,
      "gift_type": [
        "pamper gifts",
        "fragrance gifts"
      ],
      "ProductReviewFlag": "1"
    },
    "variants": {
      "colours": [],
      "hasColours": false,
      "hasSizes": false
    },
    "categories": [
      [
        {
          "name": "sale",
          "label": "sale"
        },
        {
          "name": "fragrance",
          "label": "fragrance"
        },
        {
          "name": "gift",
          "label": "gift"
        }
      ],
      [
        {
          "name": "perfume",
          "label": "fragrance > perfume"
        },
        {
          "name": "fragrance gift sets",
          "label": "fragrance > fragrance gift sets"
        },
        {
          "name": "gifts for her",
          "label": "gift > gifts for her"
        },
        {
          "name": "luxury fragrance",
          "label": "fragrance > luxury fragrance"
        },
        {
          "name": "luxury gifts",
          "label": "gift > luxury gifts"
        },
        {
          "name": "all gifts",
          "label": "gift > all gifts"
        }
      ],
      [
        {
          "name": "perfume gift sets",
          "label": "fragrance > perfume > perfume gift sets"
        },
        {
          "name": "all perfumes",
          "label": "fragrance > perfume > all perfumes"
        },
        {
          "name": "perfume gift sets",
          "label": "fragrance > fragrance gift sets > perfume gift sets"
        },
        {
          "name": "all perfumes",
          "label": "gift > gifts for her > all perfumes"
        }
      ]
    ],
    "reviews": {
      "average": 3.78,
      "count": 9,
      "rounded": 3
    },
    "parent": {
      "product": "2714108",
      "partNumber": "10316872.P",
      "model": "10316872",
      "manufacturerModel": "3958760"
    },
    "images": {
      "thumbnail": "https://boots.scene7.com/is/image/Boots/10316872?wid=45&hei=60&op_sharpen=1"
    },
    "offers": [
      {
        "text": "Better than 1/2 price on selected fragrance gift sets"
      }
    ],
    "actions": {},
    "iconUri": "https://boots.scene7.com/is/image/Boots/10316872?op_sharpen=1",
    "title": "Soul Cal Do What Makes You Happy 100ml Eau De Toilette, Bath Bomb & Nail Polish Set",
    "referenceUri": "/soul-cal-do-what-makes-you-happy-100ml-eau-de-toilette-bath-bomb-and-nail-polish-set-10316872",
    "canAddToBasket": "yes",
    "opticians": false,
    "inStock": false,
    "expressDelivery": false,
    "hasOtherPromotion": true,
    "channelPromotionalTextMap": {
      "-1": [
        "Better than 1/2 price on selected fragrance gift sets"
      ],
      "-6": [
        "Better than 1/2 price on selected fragrance gift sets"
      ]
    },
    "adCardPoints": 18
  }
]